2888 4800
147 227 187 291 16
535 231 647 285 mann
664 230 777 286 XXIIII.
806 230 883 285 CAP.
902 231 928 284 8.
1157 254 1176 282 a
1195 256 1217 283 u.
1237 256 1255 283 c.
1274 247 1324 286 aaa.

144 393 257 455 antid
278 392 399 455 bellum
422 413 557 475 eumque
580 392 708 456 hostem
731 393 933 475 haberemus,
955 392 989 455 in
1011 413 1074 475 quo
1095 393 1323 476 neglegentiae

142 480 246 543 laxior
263 480 354 544 locus
373 484 467 562 esset,
491 481 546 564 qui
565 482 682 545 vestris
702 482 828 563 studiis,
847 502 929 565 quae
948 481 983 543 in
1001 502 1152 563 campum
1171 479 1211 544 ad
1230 503 1323 545 man·

143 567 276 650 dandos,
300 568 416 652 quibus
435 569 551 653 velitis,
573 569 713 634 honores
735 570 881 653 adfertis,
904 591 1031 633 moram
1054 569 1157 632 ullam
1182 570 1324 653 offerret,

108 671 123 718 2
143 657 172 720 is
195 657 275 720 mihi
298 678 413 737 parum
435 657 622 722 meminisse
645 658 807 723 videretur
830 663 951 722 vestrae
973 657 1146 739 libertatis,
1170 657 1225 721 sed
1248 680 1323 722 cum

143 745 177 808 in
201 745 263 808 hoc
286 744 382 824 bello,
406 746 441 809 in
462 745 524 810 hoc
547 746 641 810 hoste
664 768 843 831 numquam
862 748 902 810 ab
922 747 989 809 ullo
1009 745 1088 810 duce
1107 746 1176 809 sine
1195 747 1323 831 ingenti

142 837 256 897 nostra
275 834 364 898 clade
388 837 530 898 erratum
554 835 605 918 sit,
628 835 740 899 eadem
758 857 816 899 vos
836 857 921 912 cura,
944 835 1061 918 quain
1080 834 1183 898 aciem
1202 837 1323 900 armati

143 922 346 1005 descenditis,
369 922 451 986 inire
474 923 665 1008 suffragium
685 924 726 988 ad
744 924 898 988 creandos
918 923 1065 987 consules
1085 921 1183 1005 decet,
1207 927 1239 987 et
1258 925 1323 989 sibi

143 1011 189 1074 sic
213 1031 371 1095 quemque
395 1012 499 1076 dicere
524 1011 715 1077 ‘Hannibali
739 1012 929 1095 imperatori
947 1032 1058 1094 parem
1077 1013 1243 1076 consulem
1261 1034 1322 1076 no-

107 1115 123 1160 3
143 1097 255 1163 mino’.
291 1099 352 1163 hoc
367 1121 453 1164 anno
469 1102 509 1164 ad
524 1098 669 1184 Capuam
684 1100 828 1165 Vibellio
844 1100 998 1187 Taureae,
1012 1098 1177 1183 Campano
1194 1123 1321 1166 summo

143 1187 252 1270 equiti,
275 1189 467 1270 provocanti
486 1211 630 1253 summus
649 1188 816 1254 Romanus
836 1211 934 1273 eques
950 1188 1081 1252 Asellus
1097 1186 1251 1253 Claudius
1271 1194 1323 1254 est

106 1277 321 1359 4oppositus.
367 1277 520 1341 adversus
548 1277 676 1341 Gallum
705 1277 868 1362 quondam
899 1280 1130 1361 provocantem
1158 1279 1192 1341 in
1221 1282 1322 1361 ponte

142 1364 277 1428 Anienis
301 1363 341 1428 T!
359 1364 519 1452 Manlium
540 1366 695 1430 fidentem
719 1370 751 1430 et
774 1366 882 1430 animo
907 1368 939 1428 et
961 1365 1085 1430 viribus
1108 1366 1226 1429 misere
1255 1389 1323 1430 ma·

106 1453 226 1516 olores
254 1454 367 1517 nostri.
413 1453 548 1518 eandem
576 1476 707 1519 causam
734 1455 822 1518 haud
849 1455 960 1518 multis
989 1453 1083 1518 annis
1114 1458 1190 1537 post
1219 1455 1321 1520 fuisse

142 1562 208 1605 non
230 1541 426 1626 negaverim,
449 1564 506 1606 cur
527 1542 571 1607 M.
591 1542 723 1607 Valerio
742 1565 809 1607 non
833 1542 1031 1606 diffideretur
1055 1543 1209 1607 adversus
1233 1544 1322 1608 simi-

32 1703 37 1707 ,
107 1629 217 1693 aliter
238 1635 471 1712 provocantem
500 1653 591 1695 arma
619 1632 759 1716 capienti
784 1630 914 1696 Gallum
941 1630 982 1695 ad
1005 1635 1178 1696 certamen.
1225 1653 1322 1714 quem

143 1718 183 1782 ad
207 1718 339 1782 modum
362 1720 487 1802 pedites
510 1721 697 1805 equitesque
721 1721 873 1804 optamus
897 1724 934 1784 ut
952 1719 1132 1802 validiores,
1156 1720 1322 1803 siminus,

142 1810 178 1869 ut
202 1828 295 1889 pares
318 1807 408 1871 hosti
426 1808 614 1892 habeamus,
636 1810 684 1873 ita
702 1810 775 1873 duci
794 1810 939 1874 hostium
956 1830 1068 1891 parem
1090 1810 1322 1892 imperatorem

108 1909 122 1958 1
143 1916 344 1978 quaeramus.
390 1918 478 1975 cum,
501 1898 557 1981 qui
579 1900 629 1961 est
653 1920 797 1962 summus
820 1899 856 1962 in
879 1899 1009 1963 civitate
1033 1896 1109 1978 dux,
1138 1919 1211 1961 eum
1235 1898 1322 1982 lege-

141 1984 252 2067 rimus,
275 1987 385 2048 tamen
407 1990 540 2069 repente
563 1986 680 2070 lectus,
704 1987 740 2050 in
763 2008 885 2050 annum
909 1988 1036 2050 creatus
1060 1986 1213 2050 adversus
1237 1990 1322 2050 vete·

142 2094 211 2136 rem
230 2094 267 2137 ac
285 2077 477 2157 perpetuum
494 2075 724 2158 imperatorem
743 2075 991 2158 comparabitur,
1009 2074 1107 2138 nullis
1121 2096 1225 2159 neque
1239 2079 1322 2138 tem·

179 2265 208 2320 8.
238 2271 261 2320 1.
282 2267 374 2320 laxior
393 2267 478 2333 locus]
498 2265 544 2318 ein
564 2265 704 2320 ‘welterer
757 2266 820 2332 den,
840 2264 930 2319 damit
946 2266 991 2320 die
1010 2264 1215 2334 gleichartigen
1229 2266 1320 2321 Rede-

142 2335 326 2403 Spielraum';
350 2335 389 2387 im
408 2335 599 2404 cigentlichen
618 2335 703 2390 Sinna
757 2336 845 2390 theile
864 2336 935 2404 (hier
953 2337 999 2391 die
1016 2336 1101 2405 Part.)
1119 2336 1166 2391 bei
1185 2337 1320 2391 einander

141 2407 238 2460 lauare
257 2412 282 2475 7,
298 2411 327 2471 53
347 2406 516 2474 fibertragen
530 2405 662 2475 aueh10‚
677 2412 703 2474 ὁ,
758 2407 870 2461 stehen:
885 2407 947 2461 eine
956 2407 1003 2462 bei
1013 2407 1090 2461 alten
1100 2408 1321 2463 Schriftstellern

141 2478 272 2530 Glanum
289 2478 411 2544 spatium
433 2475 473 2528 im
493 2476 649 2544 Gegensata
669 2495 703 2531 au
757 2477 837 2531 nicht
862 2478 952 2532 selben
975 2478 1173 2533 erscheinende
1196 2480 1320 2533 absicht·

140 2548 276 2600 modicum
293 2547 422 2613 spatium.
756 2547 831 2602 licha
845 2549 1027 2618 Anordnung‚
1041 2548 1095 2603 wie
1109 2554 1182 2614 §tlh
1197 2551 1320 2618 cunvcpla

177 2624 201 2669 2.
229 2615 287 2686 sed]
311 2617 384 2670 nach
401 2615 646 2686 voraufgehenden
665 2618 702 2672 ir-
741 2643 788 2656 ·-
815 2620 852 2673 ad
874 2621 1082 2688 praecavendas
1108 2621 1209 2675 similes
1236 2623 1321 2675 utilia

140 2687 236 2740 realen
250 2684 527 2742 Condicionals'ataen
542 2687 580 2742 ist
594 2689 640 2743 die
654 2708 702 2744 aur
756 2689 853 2744 clades.
882 2691 929 2760 10,
951 2697 994 2760 46,
1010 2699 1027 2745 4
1044 2693 1180 2760 frequenti
1194 2693 1319 2760 publico-

140 2756 343 2812 Wirlrlichkeit
366 2758 623 2814 hindberdiihrende
646 2761 701 2815 Ad·
755 2778 818 2816 rann
844 2769 947 2817 ornatu
975 2765 1106 2830 laenam
1139 2760 1190 2831 44,
1213 2767 1261 2832 28,
1286 2768 1319 2816 15

140 2827 386 2898 versativpartikel
409 2830 456 2883 bei
474 2831 505 2884 L.
530 2835 608 2886 sonst
631 2834 701 2888 stete
755 2834 857 2901 oipa’nta'
875 2836 991 2889 animae
1010 2851 1090 2903 equos
1107 2835 1219 2900 formae.

139 2916 223 2996 nunc,
243 2900 307 3024 qam
321 2898 426 3023 ςτέθοὶὲ.
443 2900 497 2996 apin
512 2900 554 3026 δὲ
572 2920 701 3026 unslprerp
756 2978 771 3038 ἕ
791 2905 969 3026 p3optamus]
981 2904 1246 2974 zwischengestellt3
1259 2905 1317 2973 vgl.

153 2987 346 3038 nunaer‚s
385 2987 524 3025 aerea
571 2990 700 3028 recen.
826 3017 832 3029 .

176 3042 231 3095 sibi
248 3043 289 3095 cic
307 3040 446 3110 quareque]
468 2991 715 3103 durchpdiellin-¹
791 3059 869 3110 qnam
883 3041 1052 3110 admodum]
1072 3059 1124 3094 nur
1143 3043 1191 3093 des
1219 3042 1318 3092 Wohl-

141 3113 291 3179 schaltung
307 3128 363 3165 von
381 3113 421 3165 sic
439 3110 509 3165 wird
528 3112 588 3167 dies
603 3114 700 3167 wort-
753 3112 964 3182 klangswegen
974 3113 1045 3166 statt
1057 3116 1090 3165 ut
1102 3110 1235 3180 gewahlt
1250 3110 1316 3163 weil

140 3182 218 3251 chen,
233 3181 287 3236 wie
297 3182 369 3236 auch
383 3183 496 3250 quiaque
509 3182 563 3236 mit
576 3183 700 3238 starkem
754 3183 830 3237 diese
844 3183 969 3237 Partilrel
986 3183 1054 3235 kurz
1072 3180 1217 3235 hinterher
1230 3180 1316 3250 folgt3

139 3251 310 3306 Nachdruok
328 3253 471 3309 uersehen.
754 3253 857 3308 ebenso
867 3253 914 3321 al,
924 3259 965 3320 13,
982 3259 998 3306 5
1016 3252 1143 3320 quemad
1156 3252 1265 3305 modun
1285 3258 1317 3306 ut

174 3323 297 3392 mnino]
334 3323 460 3392 ‘schlage
487 3324 558 3390 vor',
587 3324 700 3378 obwohl
754 3325 840 3377 uictor
853 3326 908 3391 fert
921 3323 1078 3390 Hannibal,
1091 3323 1132 3376 n'c
1145 3338 1191 3376 uos
1205 3328 1237 3377 ut
1250 3325 1317 3378 uicti

140 3395 170 3448 L.
195 3394 285 3448 dieses
305 3393 427 3448 Verbum
451 3394 605 3449 vereiuaelt
627 3395 700 3449 auch
755 3396 888 3449 audiatis.

139 3467 184 3519 flu·
209 3465 342 3520 ‘wthlen’
368 3466 528 3531 anweudet,
556 3485 579 3522 z.
598 3465 629 3523 B.
654 3466 701 3521 bei
791 3472 815 3521 7.
834 3466 928 3520 ducem
942 3483 969 3518 a.
984 3464 1184 3534 imperatorem]
1196 3465 1249 3518 wie
1264 3472 1316 3531 56,

140 3536 308 3604 Gesandten‚
326 3536 402 3591 beim
421 3538 553 3604 luterrex,
571 3537 702 3592 Dictator
756 3537 805 3590 der
829 3536 1037 3603 Abweohslung
1064 3535 1165 3589 halben
1191 3536 1318 3591 zweimal

140 3608 197 3660 und
216 3608 349 3677 Magister
368 3608 503 3678 equitum.
755 3606 1038 3677 zusammengestellt.

176 3683 200 3733 5.
228 3695 285 3732 non
303 3679 467 3748 nequeenim]
492 3696 521 3733 so
544 3680 602 3733 und
625 3680 702 3734 hand
790 3679 922 3749 sumnus]
942 3677 1003 3732 hier
1021 3695 1073 3730 nur
1092 3694 1146 3732 von
1161 3677 1210 3731 der
1226 3678 1317 3733 Tach-

17 3781 30 3828 ⁴-
140 3749 283 3802 abnuerim
298 3749 352 3815 ost3
374 3750 404 3802 L.
423 3750 536 3803 mildert
549 3750 637 3803 selbst
652 3750 710 3803 das·
755 3750 867 3820 tigkeit,
887 3751 936 3804 der
956 3749 1098 3817 ‘grosste',
1119 3748 1173 3802 wie
1192 3755 1217 3817 9,
1239 3756 1280 3803 11.

23 3843 27 3855 ·
141 3835 176 3871 an
188 3816 247 3871 sich
258 3818 345 3873 sehon
358 3819 542 3873 bescheidene
556 3821 632 3873 baud
645 3821 701 3874 scio
791 3819 884 3889 lectus]
901 3824 978 3874 sonat
991 3820 1093 3886 (neben
1112 3821 1229 3889 creatus)
1244 3820 1316 3872 auch

141 3906 179 3942 an
197 3889 331 3943 auweilen
350 3889 437 3943 durch
454 3890 509 3943 den
525 3889 701 3959 potentialen
755 3893 878 3946 delectus.

141 3959 307 4028 Conjunctiv
321 3978 356 4013 au
369 3961 446 4015 haud
458 3962 544 4015 sciam
558 3979 596 4015 an
606 3961 701 4030 (eben
790 3964 822 4017 s'n
836 3960 952 4031 annuus]
967 3978 1020 4014 nur
1029 3978 1109 4015 wenu
1120 3962 1169 4016 das
1182 3958 1316 4013 deutsche

142 4047 172 4083 so
193 4029 307 4099 Cicero).
757 4033 825 4088 ‘ein’
845 4032 892 4086 bei
911 4031 1199 4100 Zeitbestimmuugen
1221 4029 1252 4081 in
1269 4028 1317 4082 be-

80 4125 84 4138 ,
172 4102 377 4172 prouocantem]
398 4102 700 4172 diezusammengehb·
755 4104 869 4158 sonders
893 4103 1030 4158 seharfem
1054 4102 1208 4172 Gegensata
1232 4099 1316 4165 steht,

141 4172 246 4226 renden
263 4173 361 4227 Worte
376 4179 569 4243 prouocantem
589 4175 701 4229 Gallum
754 4175 825 4228 und
852 4173 1001 4228 lateinisch
1024 4190 1098 4228 anus
1123 4168 1316 4238 hinzugefligt,

142 4242 206 4296 sind
228 4243 315 4297 durch
337 4243 382 4299 die
401 4244 445 4298 W.
470 4261 549 4298 arma
571 4246 700 4313 capienti,
755 4261 785 4300 so
806 4252 848 4314 13,
869 4252 892 4300 9.
915 4251 956 4314 14,
978 4251 1019 4301 10,
1177 4311 1183 4322 .

141 4313 248 4368 welche
271 4314 415 4369 ihrerseits
438 4313 491 4368 mit
513 4316 550 4369 ad
568 4322 701 4376 certamen
790 4318 996 4384 counparaba'tuu
1014 4312 1316 4382 aduersas]1stunge·

24 4388 26 4392 “
127 4403 175 4437 au
198 4383 351 4439 verbinden
374 4385 448 4454 sind,
476 4387 607 4455 getrennt
631 4404 701 4441 wor-
754 4404 810 4442 nau
832 4388 933 4457 gesagt
956 4386 1038 4455 (statt
1056 4385 1126 4451 nn)
1146 4408 1180 4428 =
1201 4382 1316 4452 ‘gagen-
