2888 4800
113 278 132 307 a.
151 266 202 308 chr.
222 277 243 306 n.
262 267 309 308 ars.
523 250 633 304 LIBER
650 249 761 305 XXIIII.
791 249 870 304 cAP.
888 255 930 305 20.
1248 244 1291 309 35

114 414 336 479 Beneventum
361 415 543 496 acceperat,
574 411 715 476 reddidit
741 412 830 476 hosti
858 411 982 475 cladem
1014 414 1111 494 atque
1138 410 1174 473 in
1196 407 1291 472 Brut·

114 504 179 568 tios
211 503 347 585 raptim,
378 522 420 565 ne
452 500 618 565 Gracchus
653 501 893 585 adsequeretur,
927 500 1094 564 concessit.
1141 498 1326 564 consulesa
1391 548 1396 563 s

112 591 286 656 Marcellus
310 594 410 674 retro,
437 590 520 654 unde
544 592 688 672 venerat,
715 587 836 653 Nolam
858 587 967 671 rediit3
999 587 1119 652 Fabius
1143 587 1177 650 in
1201 583 1291 650 Sam-

112 681 197 744 nites
226 679 266 743 ad
294 678 498 763 populandos
526 698 622 763 agros
650 676 913 761 recipiendasque
941 676 1040 740 armis
1063 697 1145 760 quae
1168 673 1291 740 defece-

112 772 188 833 rant
224 768 320 831 urbes
352 767 518 850 processit.
540 782 545 790 ’
565 764 729 831 Caudinus
763 764 892 830 Samnis
926 765 1057 848 gravius
1090 766 1327 828 devastatusz4

112 857 236 941 perusti
259 856 325 919 late
348 854 434 940 agri,
456 854 595 938 praedae
614 855 772 938 pecudum
791 854 1023 937 hominumque
1042 856 1148 937 actae3
1171 852 1292 935 oppida
1310 869 1328 918 o

112 946 145 1010 ri
169 947 264 1027 capta
287 942 498 1026 Conpulteria
521 942 649 1006 Telesia
673 941 814 1024 Compsa
836 942 924 1024 inde,
948 940 1121 1026 Fugifulae
1145 945 1177 1003 et
1200 939 1293 1004 Orbi·

113 1033 240 1097 tanium
267 1053 306 1095 cx
333 1031 487 1116 Lucanis,
518 1030 644 1095 Blanda
672 1035 705 1095 et
733 1030 915 1114 Apulorum
939 1031 1045 1095 Aecae
1074 1031 1292 1113 oppugnatae.

114 1121 205 1185 milia
228 1120 372 1187 hostium
394 1121 430 1183 in
453 1120 505 1183 his
528 1119 661 1183 urbibus
680 1119 799 1204 viginti
822 1120 963 1204 quinque
978 1122 1083 1210 ,capta
1101 1120 1158 1181 aut
1177 1117 1292 1200 occisa,
1311 1135 1326 1182 0

114 1214 147 1274 ct
178 1208 301 1291 recepti
332 1207 485 1293 perfugae
517 1209 654 1272 trecenti
686 1208 908 1291 septuaginta,
940 1230 1022 1291 quos
1055 1229 1128 1272 cum
1151 1205 1292 1270 Romam

112 1298 256 1362 misisset
288 1297 417 1380 consul,
450 1296 549 1381 virgis
582 1297 617 1360 in
651 1297 782 1361 comitio
814 1297 900 1361 caesi
933 1317 1045 1360 omnes
1077 1317 1115 1359 ac
1146 1294 1185 1358 de
1213 1315 1291 1358 saxo

113 1386 238 1451 deiecti.
273 1385 353 1449 haec
383 1407 402 1449 a
425 1384 461 1460 Q.
485 1384 588 1449 Fabio
616 1385 703 1449 intra
726 1406 847 1468 paucos
871 1385 939 1448 dies
963 1389 1081 1470 gesta
1102 1383 1291 1447 Marcellum
1311 1402 1326 1449 7

113 1475 155 1539 ab
184 1474 337 1560 gerundis
366 1474 462 1537 rebus
491 1473 643 1538 valetudo
667 1474 803 1538 adversa
824 1470 930 1537 Nolae
953 1474 1065 1537 tenuit.
1103 1476 1136 1537 et
1160 1494 1179 1535 a
1201 1492 1291 1555 prae·
1311 1488 1327 1538 8

113 1569 184 1628 tore
200 1562 237 1638 Q.
251 1560 363 1646 Fabio,
383 1563 434 1625 cui
454 1562 539 1626 circa
552 1561 721 1626 Luceriam
735 1561 904 1645 provincia
918 1565 997 1645 erat,
1012 1561 1121 1626 Acuca
1137 1559 1292 1643 oppidum

113 1673 171 1735 per
199 1672 254 1715 eos
279 1650 347 1714 dies
377 1651 409 1714 vi
437 1653 578 1732 captum,
605 1651 788 1732 stativaque
819 1649 860 1717 ad
888 1649 1057 1714 Ardaneas
1086 1649 1291 1714 communita.

202 1738 290 1802 Dum
314 1737 395 1801 haec
420 1738 491 1801 aliis
515 1738 595 1801 locis
616 1738 657 1801 ab
672 1736 830 1802 Romanis
849 1741 1013 1822 geruntur,
1036 1739 1101 1802 iam
1116 1738 1292 1802 Tarentum
1311 1758 1327 1805 9

113 1829 306 1910 pervenerat
328 1824 495 1889 Hannibal
527 1847 599 1889 curn
622 1826 764 1890 maxima
787 1826 945 1910 omnium,
977 1847 1177 1910 quacumque
1199 1826 1293 1904 ierat,

114 1915 218 1998 clade3
253 1915 290 1977 in
323 1913 499 1978 Tarentino
537 1914 665 1978 demum
698 1934 776 1998 agro
808 1919 963 1997 pacatum
995 1915 1142 1979 incedere
1175 1934 1293 1998 agmen
1312 1934 1345 1983 10

114 2004 229 2086 coepit.
269 2001 351 2066 nihil
384 2002 430 2065 ibi
463 2002 619 2067 violatum
650 2025 753 2086 neque
785 2025 922 2087 usquam
955 2004 1009 2067 via
1036 2025 1201 2067 excessum
1229 2006 1292 2085 est,

116 2090 355 2175 apparebatque
377 2112 443 2154 non
466 2091 499 2154 id
521 2090 681 2155 modestia
704 2091 844 2155 militum
868 2095 925 2155 aut
948 2091 1051 2175 ducis,
1075 2091 1130 2176 sed
1153 2091 1194 2154 ad
1218 2112 1292 2155 oon-

114 2179 271 2245 ciliandos
296 2179 423 2243 animos
438 2179 689 2244 Tarentinorum
712 2180 791 2243 fieri.
829 2183 970 2243 ceterum
993 2201 1344 2268 cumpropemoe-11

112 2269 209 2333 nibus
237 2268 458 2350 successisset,
489 2269 579 2332 nullo
609 2268 650 2332 ad
674 2271 885 2351 conspectum
908 2269 1047 2352 primum
1071 2268 1224 2353 agminis,
1256 2271 1293 2332 ut

112 2358 257 2436 rebatur,
286 2360 379 2421 motu
406 2356 494 2421 facto
523 2360 630 2421 castra
654 2357 695 2421 ab
718 2357 798 2421 urbe
821 2357 922 2421 ferme
945 2379 1060 2440 passus
1083 2358 1173 2421 mille
1196 2357 1292 2423 locat.

149 2570 174 2619 2.
203 2564 335 2646 reddidit]
354 2565 407 2619 πίε
427 2571 469 2632 17,
489 2572 514 2620 7.
731 2567 842 2622 konnen
867 2570 944 2635 (man
966 2567 1094 2622 bedenhe
1118 2567 1162 2622 die
1181 2568 1291 2623 Entfer-

150 2633 275 2702 adaeque]
294 2651 347 2688 πίε
365 2635 415 2701 oft,
434 2635 547 2689 absolut
559 2638 676 2704 gesetrt.
730 2654 809 2705 nung
831 2654 887 2691 von
906 2637 1088 2706 Conpulteria
1101 2637 1144 2693 bis
1163 2639 1291 2710 Blanda).

150 2710 175 2758 3.
202 2703 285 2773 retro]
296 2704 367 2757 wird
377 2705 441 2758 sehr
454 2706 551 2774 hdufig
564 2724 598 2759 zu
606 2705 675 2760 Ver·
731 2708 773 2760 Im
791 2705 960 2776 (legentheil
978 2709 1109 2763 schsinen
1128 2709 1173 2763 die
1187 2709 1291 2764 Etobe-

113 2777 183 2843 ben,
213 2773 259 2827 dic
277 2774 331 2827 mit
354 2791 383 2828 re
409 2778 679 2845 zusammengesetat
731 2794 839 2846 rungen
862 2777 892 2829 in
910 2778 1053 2831 Lucanien
1075 2796 1131 2833 von
1150 2778 1292 2834 Gracchus

112 2846 184 2912 sind,
197 2844 388 2914 pleonastisch
402 2845 587 2915 hinzugeffigt
596 2848 678 2914 (retro
733 2847 865 2917 gemacht
879 2849 909 2916 (s.
925 2850 1068 2916 20,1-2),
1082 2850 1174 2904 Aecae
1189 2850 1291 2905 ebenso
1344 2871 1346 2874 ⁴

113 2917 201 2971 redire
215 2914 300 2969 hehrt
317 2915 420 2970 wieder
439 2922 482 2983 30,
500 2918 557 2984 11);
576 2917 678 2970 ebenso
732 2918 787 2973 πίε
805 2917 855 2972 das
873 2922 923 2982 §8
947 2919 1090 2974 erwahnte
1109 2919 1204 2974 Acuca
1225 2936 1292 2975 vom
1365 2922 1372 2944 ¹

113 2987 201 3041 findet
219 2985 279 3040 sich
294 2985 339 3040 die
357 2986 387 3040 in
402 2987 467 3041 dem
480 2989 553 3042 cade
566 2993 676 3042 venerat
727 2989 835 3059 jungen
854 2988 958 3043 Fabius
977 3006 1144 3059 ganommen
1164 3009 1198 3044 au
1222 2990 1290 3044 sein.

114 3057 244 3126 liegende
270 3057 352 3110 Folle
375 3057 424 3112 des
447 3058 607 3113 Ausdrucks
630 3057 677 3112 bei
765 3060 865 3130 tenuit]
891 3059 936 3114 die
960 3059 1066 3115 Constr.
1092 3061 1181 3115 dieser
1205 3061 1291 3116 Stella

111 3129 142 3182 h.
162 3128 265 3197 h'aufig,
285 3147 307 3182 a.
328 3129 358 3183 B.
378 3135 422 3198 40,
443 3135 458 3182 9
477 3130 595 3184 oucibus
613 3128 675 3184 Ort·
729 3131 768 3185 ist
786 3147 1073 3201 zusammengezogen
1091 3149 1141 3186 aus
1160 3133 1214 3186 den
1232 3131 1291 3186 bei-

113 3216 174 3254 cwm
191 3204 272 3266 retro,
290 3200 364 3254 crede
382 3205 499 3266 deamat,
517 3202 645 3255 remissis.
730 3202 784 3256 den
799 3201 906 3258 Constr.
923 3203 1015 3256 Marc.
1030 3204 1083 3257 ccl.
1098 3202 1188 3256 Nolae
1203 3204 1291 3256 tenuit

149 3275 174 3325 4.
200 3270 326 3340 gravius]
347 3270 476 3325 dasselbe
489 3271 541 3324 hat
558 3270 674 3326 Marcel·
730 3292 757 3327 u.
778 3274 870 3327 Marc.
889 3273 944 3327 cal.
968 3274 1003 3327 ab
1023 3289 1077 3343 per.
1101 3274 1181 3327 rebus
1203 3274 1291 3328 tenuit

111 3341 156 3394 lus
180 3339 220 3394 im
244 3341 491 3410 vorhergehenden
518 3341 603 3396 Jahre
628 3358 674 3411 ge·
730 3346 775 3411 (=
791 3344 948 3412 probibedt,
966 3344 1020 3398 πίε
1042 3351 1087 3410 19,
1108 3351 1122 3398 7
1152 3346 1240 3398 tenuit
1257 3361 1291 3399 ae

111 3411 194 3479 tham
220 3428 242 3466 s.
261 3410 307 3476 23,
326 3417 373 3479 41,
395 3418 427 3466 13
454 3413 562 3466 crebras
579 3429 674 3466 cacam
730 3414 924 3469 ‘durchsctzen
943 3414 1007 3468 dass
1021 3414 1111 3468 nicht'
1128 3415 1290 3470 =hindern

112 3484 201 3536 aleam
223 3483 256 3535 la
280 3481 418 3536 Sanmites
441 3481 583 3536 Caudinos
609 3483 674 3549 fecit
729 3484 793 3538 dass
808 3509 842 3529 =
856 3485 987 3552 impedire
1003 3501 1037 3537 ae
1054 3485 1114 3550 ist);
1133 3485 1184 3538 wir
1203 3502 1290 3556 sagea

113 3554 232 3621 adeoque
249 3553 343 3606 omnia
360 3552 435 3617 ferro
454 3557 534 3620 algae
551 3553 613 3620 tyci
626 3569 674 3606 vc·
731 3554 790 3607 ‘Kn
809 3553 882 3607 hielt
905 3554 959 3608 den
978 3554 1015 3607 M.
1035 3573 1069 3607 zu
1087 3555 1161 3609 Nola
1184 3555 1215 3609 in
1233 3557 1289 3609 Un-

112 3625 203 3689 davit,
222 3627 254 3675 at
267 3623 447 3690 antiquaram
461 3622 582 3676 cladium
596 3621 674 3676 Scm·
728 3622 904 3693 thatiglreit'.

114 3693 163 3746 aio
181 3693 337 3746 numeriam
355 3698 504 3746 renovaret.
766 3699 790 3748 9.
819 3695 893 3762 aliis]
912 3693 952 3748 im
966 3693 1122 3764 Gegensatz
1140 3696 1289 3751 auTcrea·

143 3762 278 3832 praedae]
298 3781 318 3816 s.
338 3780 372 3815 zu
393 3769 434 3830 16,
454 3768 479 3816 ὅ.
730 3770 796 3832 tum,
814 3764 867 3819 πίε
885 3765 920 3820 ab
934 3764 1070 3820 Romanis
1084 3785 1117 3820 au
1132 3767 1287 3822 Hannibal,

126 3839 174 3888 ,5.
192 3833 270 3902 iude]
291 3857 325 3878 =
345 3849 378 3887 ea
396 3834 446 3900 iic,
469 3833 674 3903 entsprschond
765 3842 805 3890 10.
833 3837 976 3908 modestia]
1004 3836 1035 3890 in
1060 3838 1288 3894 verschiedenem

113 3905 177 3960 dem
195 3903 345 3972 folgenden
363 3920 396 3958 ea
409 3904 547 3970 Laconia
570 3904 627 3975 vgl.
645 3905 674 3972 9,
728 3906 813 3961 Sinna
831 3906 878 3960 bei
895 3908 1014 3962 militum
1032 3908 1089 3962 und
1107 3909 1154 3963 bei
1174 3911 1261 3965 decede.

112 3981 155 4045 20,
175 3982 204 4029 9:
230 3977 262 4029 dn
279 3974 409 4029 manoe
422 3981 591 4044 perrectum
609 3976 674 4030 iude
765 3983 805 4031 11.
831 3978 930 4046 prope]
948 3979 1083 4044 Advcrb.;
1108 3985 1236 4049 s.19,6.

112 4077 146 4086 -
164 4046 302 4101 Nerulum
319 4046 349 4098 oi
366 4052 485 4114 captmn.
763 4053 932 4116 conspectum
958 4049 1095 4120 primam]
1134 4050 1173 4104 ist
1202 4067 1288 4119 unga·

149 4124 173 4173 6.
200 4132 265 4186 quos
283 4116 357 4198 cum]
373 4141 407 4162 =
421 4120 478 4186 qai,
497 4133 559 4172 orme
576 4133 627 4172 eoa.
727 4117 870 4174 wohnlich
886 4120 1013 4189 gestellt;
1032 4122 1105 4176 doch
1120 4123 1184 4190 segt
1198 4120 1229 4176 L.
1244 4139 1287 4176 so-

147 4189 297 4258 comite'am]
326 4205 371 4241 ern
395 4187 479 4242 Theil
500 4188 549 4242 des
573 4188 672 4254 forum.
727 4188 804 4244 wohl
812 4204 871 4244 vere
879 4191 974 4259 primo
986 4190 1040 4246 πίε
1049 4191 1144 4261 primo
1152 4207 1213 4246 vere
1231 4192 1287 4261 (al,

149 4265 173 4314 7.
194 4274 301 4328 paucos
319 4259 389 4330 dice]
408 4258 534 4326 baweist,
548 4259 613 4313 dass
628 4258 673 4314 die
728 4266 753 4329 5,
773 4264 893 4329 baill,
913 4264 952 4329 6).

113 4331 274 4386 crwthntcn
301 4329 401 4385 scaete
429 4330 509 4384 nicht
535 4329 591 4384 alle
618 4345 674 4386 von
763 4335 795 4386 ut
812 4331 937 4386 nemu-¹

112 4399 215 4475 Fabius
239 4401 401 4470 perstnlich
424 4417 592 4472 genommen
614 4400 674 4457 sein
727 4400 774 4460 tiu
