2888 4800
171 229 233 308 43ο
505 228 616 282 areas
634 227 748 283 xxun.
768 227 846 284 cnr.
866 233 908 282 ar.
928 234 971 283 as.
1187 253 1206 284 ..
1225 254 1248 284 u.
1268 253 1288 283 a
1309 244 1361 286 se.

135 397 337 476 apraetores
375 391 578 456 dissimulare
615 391 720 475 primo
758 394 792 455 et
827 391 938 454 ecana
973 390 1149 456 trahendae
1186 391 1233 455 rei
1266 413 1357 474 esse3

171 484 337 564 postremo
366 479 442 544 victi
471 501 629 544 consensu
658 483 691 544 et
719 479 910 543 seditionem
936 482 1116 543 metuentes
1138 481 1359 562 pronuntiant

172 590 227 634 eos
250 573 427 651 praetores.

136 673 153 720 4
260 655 328 721 Nec
357 657 404 720 illi
434 656 540 740 primo
572 657 684 719 statim
707 656 806 719 creati
829 655 952 719 nudare
976 656 1053 739 quid
1076 656 1207 734 vellent,
1240 678 1357 740 quam·

173 767 269 829 quam
293 766 388 830 aegre
411 745 561 809 ferebant
584 747 617 808 et
640 743 679 807 de
702 743 837 808 indutiis
861 744 986 807 dierum
1007 743 1117 808 decem
1140 745 1268 829 legatos
1287 747 1356 812 isse

173 834 214 897 ad
238 833 382 917 Appium
405 831 577 898 Claudium
614 836 647 897 et
675 833 847 916 inpetratis
875 833 921 896 cis
949 832 1045 915 alios,
1077 833 1134 916 qui
1162 834 1201 897 de
1224 833 1355 900 foedere

136 923 306 1006 santique
330 922 516 987 renovando
541 925 688 1006 agerent,
711 922 838 985 missos.
875 920 916 984 ad
934 919 1154 1004 Murgantiam
1177 926 1247 987 tum
1272 923 1356 989 olas·

173 1032 241 1074 sem
264 1012 395 1076 navium
420 1013 550 1075 eentum
569 1009 735 1074 Romanus
755 1010 909 1092 habebat,
933 1031 1075 1093 quonam
1094 1009 1266 1074 evaderent
1284 1034 1354 1077 mo·

172 1104 225 1163 tus
253 1121 292 1163 ex
321 1099 472 1163 caedibus
495 1104 708 1182 tyrannorum
733 1100 794 1162 orti
819 1097 1002 1181 Syracusis,
1034 1119 1138 1182 quove
1161 1120 1216 1163 eos
1240 1105 1356 1184 ageret

136 1204 257 1253 onova
281 1191 377 1271 atque
400 1188 533 1251 insolita
556 1187 704 1268 libertas,
729 1187 908 1269 opperiens.
954 1208 1013 1269 per
1035 1186 1165 1252 eosdem
1191 1187 1260 1251 dies
1279 1211 1355 1254 cum

172 1275 214 1340 ad
241 1275 430 1340 Marcellum
459 1275 644 1340 venientem
674 1276 708 1338 in
737 1273 880 1338 Siciliam
910 1276 1010 1359 legati
1035 1272 1231 1358 Syracusani
1262 1279 1356 1342 missi

172 1364 214 1428 ab
238 1363 346 1447 Appio
369 1368 490 1446 essent,
514 1364 634 1428 auditis
658 1363 899 1427 condicionibus
923 1363 1012 1446 pacis
1035 1362 1223 1448 Marcellus,
1256 1387 1355 1448 posse

171 1473 241 1516 rem
272 1452 444 1517 convenire
476 1456 580 1534 ratus,
613 1455 647 1516 et
677 1452 746 1534 ipse
778 1453 903 1536 legatos
928 1449 1121 1534 Syracusas,
1155 1453 1210 1537 qui
1243 1475 1355 1519 coram

136 1557 246 1606 rcum
269 1541 473 1624 praetoribus
497 1541 536 1604 de
560 1540 744 1605 renovando
768 1540 897 1606 foedere
921 1545 1071 1624 agerent,
1099 1540 1196 1605 misit
1234 1546 1268 1605 et
1286 1542 1355 1606 iam

171 1629 218 1693 ibi
249 1652 453 1714 nequaquam
485 1630 596 1693 eadem
628 1631 718 1714 quies
750 1651 788 1694 ao
817 1628 1038 1712 tranquillitas
1063 1633 1141 1693 erat.
1178 1634 1356 1714 postquam

170 1716 327 1782 Punicam
361 1720 497 1783 classem
530 1720 702 1782 accessisse
732 1717 922 1801 Pachynum
955 1718 1090 1781 allatum
1123 1722 1186 1802 est,
1220 1719 1356 1803 dempto

170 1807 287 1869 timore
309 1805 525 1890 Hippocrates
554 1811 587 1870 et
608 1806 772 1889 Epicydes
800 1828 887 1870 nunc
916 1805 1000 1888 apud
1031 1808 1271 1871 mercennarios
1295 1809 1357 1872 mi·

170 1895 258 1976 lites,
281 1917 368 1959 nuno
392 1896 477 1978 apud
500 1896 687 1979 transfugas
712 1895 803 1978 prodi
827 1895 973 1958 Romano
998 1893 1177 1976 Syracusas
1201 1896 1355 1962 crimina-

136 2000 152 2048 8
172 1983 299 2047 bantur.
337 1988 374 2047 ut
397 2006 472 2049 vcro
487 1983 614 2067 Appius
638 2006 737 2047 naves
757 1984 797 2047 ad
817 1985 937 2047 ostium
955 1987 1084 2066 portus,
1108 2005 1171 2068 quo
1186 1984 1354 2050 Romanae

172 2071 277 2155 partis
301 2072 485 2137 hominibus
509 2073 636 2136 animus
661 2072 838 2149 accederet,
871 2072 907 2135 in
931 2073 1071 2136 statione
1094 2072 1214 2136 habere
1238 2074 1356 2158 coepit,

138 2161 289 2244 cingens
308 2161 344 2224 in
368 2163 507 2244 speciem
531 2162 719 2225 criminibus
743 2161 835 2224 vanis
860 2164 1040 2224 accesserat
1062 2160 1155 2244 fides3
1186 2183 1224 2225 ac
1246 2163 1355 2244 primo

172 2250 271 2313 etiam
301 2251 502 2314 tumultuose
533 2250 717 2313 decurrerat
738 2249 911 2312 multitudo
937 2248 977 2312 ad
1000 2248 1233 2333 prohibendos,
1266 2251 1294 2314 si
1318 2251 1356 2316 in

170 2341 291 2401 terram
315 2339 551 2421 egrederentur.

117 2427 161 2492 28
260 2423 300 2488 In
323 2426 384 2490 hac
407 2426 593 2490 turbatione
616 2447 724 2488 rerum
741 2426 775 2489 in
794 2425 979 2489 contionem
998 2427 1107 2492 vocari
1126 2427 1258 2510 placuit.
1294 2428 1355 2494 ubi

171 2534 243 2576 oum
268 2514 323 2577 alii
347 2514 411 2578 alio
434 2515 617 2596 tenderent,
649 2535 709 2578 nee
732 2513 847 2597 procul
872 2513 1030 2578 seditione
1053 2537 1104 2578 res
1129 2518 1227 2599 esset,
1250 2515 1354 2599 Apol·

207 2694 231 2742 3.
251 2688 436 2759 dissimulare]
461 2689 561 2743 thaten
585 2688 627 2744 als
653 2705 734 2742 wenn
822 2689 1051 2759 remcouocuire]
1067 2691 1146 2743 sonet
1159 2689 1355 2758 auchunpers.

171 2758 210 2813 sie
230 2776 259 2813 es
278 2759 357 2813 nicht
375 2760 483 2814 hbrten.
787 2778 808 2813 a.
828 2759 858 2813 B.
878 2758 905 2826 3,
931 2765 974 2827 31,
994 2764 1010 2812 8
1033 2763 1066 2814 dc
1089 2761 1192 2829 lapibus
1218 2763 1352 2814 coaocac't.

171 2830 536 2968 stssdAffgfflml'lbzuaffv
549 2830 733 2956 ἐθτῦῗὲἓὲξὲ
824 2871 847 2920 7.
872 2871 897 2920 ct
919 2866 988 2935 iam]
1015 2865 1163 2920 soheinbar
1188 2872 1262 2920 ware
1289 2867 1353 2922 eine

171 2972 219 3025 des
239 2973 363 3040 syrakus.
382 2973 509 3027 Reiches.
546 2972 734 3027 DerWaffen-
787 2936 1276 3062 gggggsapiyparstcjpppitgtmigndgr,
1299 2938 1353 3061 ἐξ

169 3043 389 3167 {ffllffffidffi
403 3042 459 3165 2¹,ssss
473 3042 733 3182 ῗξὲζζὴάζῗζῗξθ
787 3077 909 3146 zanlung
931 3076 1015 3146 ruhig
1032 3078 1089 3132 foa
1107 3078 1231 3145 (sunnon
1250 3085 1293 3147 31,
1315 3086 1347 3133 11

169 3183 410 3237 bevorstehendcn
434 3183 561 3236 Ankunft
586 3183 634 3236 des
660 3184 733 3236 Mar·
787 3147 844 3200 und
876 3149 977 3216 Μεθ’
1011 3148 1052 3202 ²1⁸
1085 3166 1166 3202 ‘'⁰¹¹ss
1193 3166 1223 3203 er
1250 3152 1352 3219 geffigt

786 3219 878 3272 h'atte:
913 3218 981 3272 ‘und
1004 3219 1069 3272 dort
1091 3220 1195 3274 fenden
1222 3221 1261 3274 sie
1280 3221 1352 3275 alle·

170 3252 266 3318 uellus,
293 3271 313 3306 s.
334 3259 376 3320 21,
398 3259 421 3318 1,
448 3254 659 3307 unterlassenen
677 3254 733 3307 An·
786 3289 816 3342 in
834 3291 955 3358 gryme,
973 3290 1108 3345 Unmhp¹

169 3321 237 3391 griff
258 3322 505 3392 hinaussohieben,
531 3324 575 3377 bis
601 3323 661 3378 sich
687 3324 732 3378 die

169 3392 363 3448 Verh'altnisse
399 3394 429 3448 in
461 3395 584 3465 Syrakus
621 3395 733 3464 gehlart
822 3402 846 3450 8.
870 3396 948 3466 fides]
975 3396 1182 3466 ‘Restatigung'
1208 3397 1352 3467 (passiven

170 3463 272 3518 haben.
787 3465 886 3521 Sinnes
905 3469 958 3522 wie
977 3473 1020 3534 29,
1040 3470 1077 3536 5).
1259 3472 1265 3485 ”

206 3541 230 3588 5.
256 3538 399 3591 evaderent
422 3569 454 3578 -
481 3538 584 3608 ageret]
610 3537 655 3591 fiir
679 3537 733 3592 den

170 3603 249 3675 (lonj.
277 3607 350 3675 Fut,
379 3609 432 3663 wie
459 3608 638 3677 gewbhnlich
660 3609 733 3662 nach
788 3643 806 3698 s

169 3675 223 3729 den
242 3677 354 3731 Verben
373 3678 422 3733 des
440 3681 606 3733 Erwartens.

205 3750 399 3818 tyrannoram]
422 3749 483 3803 ‘der
499 3749 733 3803 Herrscherfami-

168 3815 218 3870 lie’
239 3817 291 3870 wie
312 3818 354 3871 oft
371 3836 453 3885 reyes,
472 3839 493 3872 a.
514 3821 544 3874 B.
565 3820 591 3887 2,
610 3826 636 3887 5,
655 3825 671 3872 5
691 3821 732 3873 di·

168 3888 253 3954 rcptr's
276 3888 469 3957 terricrepum
492 3891 618 3944 damuati
636 3891 733 3959 prodi·

169 3962 246 4013 tores.

205 4029 298 4098 quove]
320 4029 399 4082 ‘und'
417 4029 522 4084 wohin:
542 4031 733 4100 Fortsr'ihrung

170 4099 246 4153 einer
253 4101 350 4169 Frage,
361 4100 569 4170 gewbhnlicher
578 4103 666 4156 durch
674 4108 730 4156 cat.
821 4105 854 4158 ia
867 4104 1017 4158 coctionem
1026 4107 1120 4159 uocari
1128 4104 1251 4174 placuit]
1262 4106 1348 4159 n‘aml.

205 4172 329 4242 insolito]
349 4191 369 4225 s.
388 4190 422 4225 zu
440 4178 465 4240 5,
485 4178 509 4226 9.
782 4177 933 4244 populum
955 4176 1164 4244 gewbhnlicher
1187 4173 1225 4228 ist
1246 4176 1349 4228 coatte-

206 4248 230 4296 6.
259 4260 311 4311 per
337 4245 440 4297 eosdem
467 4243 535 4315 dics]
565 4243 613 4298 des
639 4243 731 4298 Nach-
785 4262 846 4300 aem
864 4248 958 4300 cocart
973 4248 1089 4314 placuit,
1112 4245 1186 4300 doch
1204 4244 1230 4311 2,
1250 4249 1293 4309 55,
1315 4251 1347 4298 10

170 4312 271 4367 drucks
287 4329 386 4384 wegen
400 4316 608 4386 vorangestellt,
631 4315 733 4384 gehbrt
786 4333 847 4370 cam
871 4319 903 4370 tn
927 4323 1051 4372 secatam
1078 4317 1172 4371 vocari
1196 4315 1348 4387 iussissent,

165 4402 201 4435 au
219 4386 374 4441 uenientem.
786 4393 946 4455 queruntur.

822 3573 871 3628 28.
909 3573 1276 3644 Volksversammlung
1312 3575 1350 3629 in

813 3645 949 3712 yralrus.
986 3644 1210 3714 Hinneigung
1227 3664 1266 3699 zu
1285 3646 1350 3700 den

786 3716 939 3769 Romern.

824 3792 848 3840 1.
880 3788 911 3840 ia
938 3786 990 3839 hac
1017 3786 1184 3858 turbatione]
1217 3787 1351 3856 gewohn-

786 3856 875 3910 licher
891 3856 931 3910 ist
949 3857 999 3910 das
1014 3855 1143 3925 Compos.
1158 3859 1352 3926 perturbatam

786 3927 843 3996 vgl.
859 3934 901 3994 35,
922 3934 935 3979 1
955 3929 987 3980 ia
1004 3932 1080 3981 motu
1097 3945 1197 3982 reram.
1222 3929 1268 3997 25,
1287 3934 1313 3996 3,
1332 3934 1349 3982 8

787 4015 847 4052 cam
864 4013 963 4067 mopere
981 4004 1056 4051 mota
1073 4014 1172 4055 rerum.
