2894 4800
142 249 164 312 8
537 244 647 299 ursas
665 245 778 302 xxnn.
804 245 882 300 oss.
901 251 927 299 3.
1154 272 1174 300 ι.
1194 274 1217 301 u.
1236 273 1255 302 ο.
1275 264 1326 305 aa.

147 409 340 474 remeabant
363 407 404 471 ad
428 408 569 491 stabula,
596 430 774 492 numquam
796 407 924 471 insidiis
947 408 1099 490 ferarum,
1120 431 1190 473 non
1212 410 1324 475 fraude

109 499 262 564 oriolati
284 497 463 561 hominum.
495 497 606 582 magni
629 497 730 581 igitur
752 496 875 560 fructus
899 519 938 560 ex
960 519 998 561 eo
1021 519 1136 580 pecore
1155 500 1251 582 capti,
1270 519 1322 562 co-

146 588 321 670 lumnaque
344 585 417 649 inde
442 607 539 649 aurea
563 586 667 649 solida
689 585 776 649 facta
799 587 832 648 et
859 587 988 649 sacrata
1015 589 1078 667 est3
1111 586 1323 669 inclitumque

111 693 126 740 7
147 675 306 759 templum
329 673 450 738 divitiis
475 674 587 756 etiam,
616 696 684 737 non
710 676 839 738 tantum
866 674 1040 737 sanctitate
1063 674 1136 740 fuit.
1168 697 1204 738 ac
1227 676 1324 739 mira-

148 764 222 828 cula
245 763 354 846 aliqua
377 763 554 846 adfingunt,
577 766 614 826 ut
636 763 824 845 plerumque
842 765 910 826 tam
925 763 1110 847 insignibus
1123 762 1212 826 locis.
1235 763 1326 828 fama

148 855 198 916 est
222 874 311 915 aram
335 873 405 915 esse
427 851 463 914 in
486 851 646 915 vestibulo
669 851 798 933 templi,
827 851 917 915 cuius
950 851 1091 915 cinerem
1115 852 1225 915 nullus
1253 875 1325 915 um·

110 958 244 1024 aquam
267 943 398 1004 moveat
419 943 543 1003 ventus.
576 940 632 1003 sed
660 962 717 1002 arx
740 937 904 1018 Crotonis,
936 929 1119 1022 una'parte
1147 941 1324 1005 imminens

145 1028 239 1107 mari,
254 1030 365 1112 ¹altera
388 1031 541 1112 vergente
564 1028 600 1090 in
623 1049 747 1112 agrum,
770 1027 836 1092 situ
853 1030 982 1091 tantum
1000 1029 1141 1091 naturali
1160 1030 1324 1112 quondam

146 1118 282 1199 munita,
305 1120 420 1200 postea
443 1119 475 1179 et
496 1139 588 1180 muro
613 1117 720 1180 cincta
743 1119 806 1198 est,
835 1138 899 1200 qua
926 1138 984 1199 per
1007 1138 1137 1180 aversas
1160 1139 1256 1200 rupes
1281 1119 1324 1182 ab

111 1225 127 1271 9
147 1205 307 1288 Dionysio
332 1204 461 1270 Siciliae
484 1208 623 1288 tyranno
647 1226 705 1288 per
728 1204 838 1268 dolum
858 1203 966 1268 fuerat
984 1208 1088 1287 capta.
1116 1227 1154 1268 ea
1167 1209 1236 1269 tum
1251 1228 1325 1270 arce

149 1295 239 1376 satis,
263 1298 300 1358 ut
327 1293 510 1376 videbatur,
537 1297 609 1356 tuta
633 1292 859 1358 Crotoniatum
887 1293 1061 1376 optimates
1092 1294 1248 1358 tenebant
1279 1316 1329 1376 se,

103 1401 137 1448 10
147 1382 401 1446 circumsedente
434 1403 505 1445 cum
534 1381 673 1446 Bruttiis
706 1404 761 1446 eos
794 1381 894 1444 etiam
921 1381 1015 1464 plebe
1049 1404 1115 1446 sua.
1158 1385 1324 1465 postremo

149 1470 279 1552 Bruttii,
302 1493 375 1534 cum
399 1470 467 1534 suis
491 1469 615 1534 viribus
639 1470 927 1554 inexpugnabilem
954 1469 1102 1533 viderent
1125 1492 1244 1554 arcem,
1273 1493 1325 1536 co-

104 1578 137 1624 11
151 1560 215 1624 acti
237 1559 441 1623 necessitate·
454 1557 627 1623 Hannonis
652 1559 807 1622 auxilium
825 1559 1000 1641 inplorant.
1032 1558 1061 1621 is
1080 1558 1327 1624 condicionibus

153 1648 202 1711 bis
220 1648 261 1710 ad
279 1648 477 1712 deditionem
497 1649 688 1730 compellere
704 1644 910 1711 Crotoniates
930 1649 1080 1730 conatus,
1103 1650 1140 1711 ut
1164 1649 1326 1712 coloniam

149 1734 353 1798 Bruttiorum
377 1758 415 1799 eo
437 1735 550 1799 deduci
570 1736 800 1819 antiquamque
814 1736 1031 1820 frequentiam
1043 1735 1186 1818 recipere
1200 1739 1326 1801 vastam

149 1845 187 1888 ac
211 1824 371 1887 desertam
395 1824 488 1887 bellis
512 1824 624 1888 urbem
643 1827 839 1908 paterentur,
863 1824 1008 1888 omnium
1021 1824 1184 1888 neminem
1198 1829 1329 1908 praeter

104 1911 413 1979 12Aristomachum
444 1912 555 1976 movit.
592 1913 768 1977 morituros
796 1934 829 1976 se
859 1912 1075 1976 adfirmabant
1106 1913 1200 1977 citius
1229 1936 1327 1997 quam

148 2000 281 2065 inmixti
303 1999 443 2064 Bruttiis
466 2002 501 2064 in
524 2001 647 2066 alienos
670 2002 753 2065 ritus
780 2023 887 2065 mores
914 2001 1066 2085 legesque
1097 2023 1134 2064 ac
1161 2023 1238 2066 mox
1264 2003 1327 2066 lin·

105 2110 139 2157 13
150 2111 249 2174 guam
264 2090 363 2153 etiam
382 2093 593 2154 verterentur.
635 2089 884 2154 Aristomachus
907 2111 999 2172 unus,
1023 2090 1151 2173 quando
1175 2111 1235 2155 nec
1254 2113 1328 2156 sua-

150 2179 255 2242 dendo
280 2178 320 2241 ad
339 2177 535 2242 deditionem
556 2178 636 2242 satis
651 2178 791 2261 valebat,
814 2199 882 2260 nec,
906 2178 990 2241 sicut
1003 2178 1117 2241 urbem
1131 2178 1327 2261 prodiderat,

149 2267 258 2331 locum
285 2266 468 2348 prodendae
501 2267 583 2330 arcis
611 2266 812 2349 inveniebat,
843 2264 1023 2350 transfugit
1055 2265 1096 2329 ad
1122 2265 1328 2333 Hannonem.

105 2375 140 2422 14
149 2354 326 2419 Locrenses
358 2354 450 2418 brevi
477 2359 554 2437 post
580 2355 695 2438 legati,
727 2376 800 2419 cum
830 2355 988 2438 permissu
1014 2352 1188 2419 Hannonis
1221 2379 1328 2421 arcem

149 2443 337 2524 intrassent,
359 2442 563 2525 persuadent,
587 2447 623 2506 ut
645 2442 772 2507 traduci
796 2464 829 2507 se
853 2442 974 2507 Locros
997 2445 1186 2525 paterentur
1204 2467 1263 2510 nec
1278 2448 1327 2510 ul·

106 2531 232 2600 15111118
256 2531 392 2614 experiri
414 2531 544 2596 vellent.
567 2531 632 2594 iam
655 2533 717 2595 hoc
739 2534 777 2595 ut
795 2532 859 2596 sibi
876 2532 997 2614 liceret,
1019 2531 1272 2614 impetraverant
1285 2536 1327 2599 ab

149 2619 336 2683 Hannibale
359 2619 468 2683 missis
497 2619 537 2682 ad
564 2619 598 2682 id
624 2620 733 2704 ipsum
759 2620 886 2704 legatis.
922 2619 970 2682 ita
997 2617 1138 2684 Crotone
1162 2644 1327 2687 excessum

151 2712 209 2786 est,
233 2708 424 2792 deductique
444 2705 654 2772 Crotoniatae
673 2708 714 2773 ad
730 2730 819 2773 mare
833 2730 933 2772 naves
948 2707 1176 2774 conscendunt.
1207 2711 1329 2776 Locros

188 2917 711 2989 aeolida]CoeliusAntipater,einro·
766 2934 868 2986 zogen,
899 2917 952 2972 wie
976 2923 1023 2984 22,
1053 2923 1086 2970 15
1117 2917 1175 2970 ‘die
1202 2914 1329 2984 eigene'3

150 2988 273 3043 mischar
287 2988 581 3043 Geschichtschreiber
599 3007 649 3043 aus
663 2991 713 3043 der
766 2989 824 3056 vgl.
842 2995 886 3054 30,
906 2993 930 3040 7.

151 3060 269 3114 aweiten
279 3060 376 3114 Halfte
395 3061 444 3112 des
459 3067 483 3114 2.
499 3059 596 3112 Jahrh.
611 3077 638 3113 v.
649 3059 711 3113 Chr.
804 3064 845 3112 12.
859 3056 1328 3126 citiusqaam—ueeterentur]eine

150 3130 320 3198 berichtete,
347 3129 490 3183 Hannibal
517 3129 591 3182 habe
619 3131 714 3198 spater
766 3128 814 3182 bei
842 3129 872 3184 h.
903 3128 983 3183 nicht
1009 3129 1128 3194 seltene,
1156 3129 1209 3183 mit
1233 3129 1328 3195 potius

152 3200 322 3270 geaweifelt,
346 3200 409 3253 dass
428 3198 475 3253 die
494 3199 579 3253 Saule
597 3200 713 3254 massiv-
767 3216 850 3267 quam
881 3199 974 3268 gleich
1003 3199 1187 3254 construierte
1210 3198 1328 3252 Verbin-

152 3271 256 3341 golden
274 3269 324 3337 soi,
342 3270 400 3322 und
417 3270 457 3324 sie
475 3269 594 3323 deshalb
613 3271 713 3324 durch·
767 3270 856 3338 dung,
885 3271 958 3324 donn
982 3270 1083 3324 ebenso
1106 3270 1160 3324 wie
1183 3268 1259 3324 diese
1277 3270 1329 3322 hat

152 3340 259 3395 bohren
278 3341 370 3394 lassen
388 3341 446 3393 und
464 3339 524 3393 sich
543 3357 573 3395 so
592 3359 647 3395 von
664 3342 713 3395 der
767 3342 840 3394 auch
864 3342 946 3394 citius
968 3341 1008 3395 im
1027 3340 1329 3410 Vergleichungssatze

152 3410 329 3480 Richtiglxeit
346 3411 511 3480 fiberzeugtl
766 3411 903 3466 auweilen
921 3429 1002 3480 quam
1020 3418 1056 3466 ut
1074 3413 1147 3466 nach
1165 3411 1233 3466 sich.

190 3489 214 3536 7.
242 3482 300 3552 sed]
320 3481 497 3536 abbrechend
511 3507 545 3527 =
561 3482 666 3536 ‘doch'.
801 3483 980 3554 venerentur]
995 3483 1107 3537 medial.
1137 3483 1205 3536 Zum
1220 3482 1328 3537 Cedan-

190 3559 216 3608 8.
235 3555 642 3622 unaparteimminens,altero
655 3570 713 3607 ver·
766 3552 822 3607 ken
845 3553 895 3607 des
914 3553 1010 3607 Satzes
1032 3554 1090 3623 vgl.
1109 3553 1159 3620 28,
1181 3560 1227 3621 12,
1246 3559 1262 3606 3
1285 3569 1329 3606 wo

153 3625 241 3696 pente]
272 3643 305 3677 zu
333 3625 470 3679 beachten
494 3625 569 3679 diese
597 3624 654 3692 (bei
680 3625 711 3678 L.
767 3623 924 3677 Hannibale
954 3624 1028 3679 Heer
1045 3626 1108 3679 eine
1126 3625 1252 3679 conluvio
1275 3639 1329 3677 om·

154 3696 276 3765 haufige)
295 3696 502 3764 Abwechslung
526 3697 556 3748 in
574 3695 623 3748 der
642 3695 713 3749 Con·
767 3696 847 3748 nium
859 3696 980 3764 petatium
993 3698 1118 3766 genennt
1134 3695 1212 3762 wird,
1231 3695 1330 3763 quibus

154 3765 289 3819 struction
308 3764 358 3818 der
376 3765 541 3834 Participia3
567 3766 624 3834 vgl.
644 3772 669 3831 2,
688 3772 713 3819 9.
768 3781 824 3820 non
843 3767 894 3831 lec,
913 3783 970 3820 noa
987 3783 1056 3834 mos,
1075 3782 1132 3820 noa
1146 3768 1244 3835 linqua
1261 3781 1329 3819 com·

191 3836 310 3902 censos]
330 3835 383 3889 wie
397 3852 450 3903 per
467 3837 559 3889 dolum
573 3836 714 3904 andeutet,
768 3838 869 3902 manu,
883 3838 957 3891 alias
967 3838 1087 3902 habitas,
1101 3838 1258 3902 alienastis,
1270 3837 1330 3890 ulia

154 3907 193 3960 ist
211 3905 258 3960 die
272 3906 361 3960 seiner
375 3906 565 3976 cigentlichen
579 3906 714 3974 Angriffs-
769 3924 860 3973 armo,
888 3909 941 3961 olii
964 3909 1052 3973 ritus,
1079 3909 1139 3961 alia
1161 3923 1255 3972 sacra,
1277 3907 1330 3960 alii

155 3977 238 4032 stelle
266 3978 527 4045 entgegengesetzte
560 3977 635 4031 Seite
668 3993 714 4046 ge·
764 3993 853 4046 propa
871 3979 916 4032 dei
933 3984 1026 4033 essem.

154 4047 255 4115 meist,
279 4048 340 4102 also
357 4048 502 4101 vielleicht
520 4048 565 4101 die
585 4047 714 4115 Seeseite‚
806 4054 848 4102 13.
862 4050 951 4103 ualere
961 4049 1009 4118 od]
1018 4048 1149 4103 ‘Einfluss
1157 4048 1249 4103 haben
1259 4047 1328 4103 aul'.

154 4135 212 4173 von
234 4135 278 4173 wo
302 4119 352 4172 der
369 4119 445 4187 Burg
466 4135 502 4172 an
526 4118 586 4172 sich
608 4120 716 4173 schwer
804 4119 886 4189 sicat]
907 4120 979 4173 ohne
997 4121 1039 4173 ita
1054 4119 1094 4173 im
1107 4118 1271 4188 Folgenden
1284 4118 1330 4172 bei

154 4188 369 4243 beizukommen
378 4206 444 4256 war,
459 4189 516 4242 und
530 4190 576 4242 die
589 4189 618 4242 in
628 4190 715 4258 Folge
769 4189 801 4243 L.
820 4190 928 4261 haufig;
948 4207 969 4243 s.
989 4196 1032 4259 33,
1051 4197 1076 4245 9.

156 4260 255 4313 dessen
274 4260 428 4330 moglicher
447 4259 541 4314 Weise
560 4276 632 4328 ganz
656 4277 715 4314 ver·
807 4266 848 4316 14.
876 4277 925 4314 nec
939 4285 974 4306 =
988 4267 1013 4316 et
1030 4261 1076 4331 ae]
1090 4261 1137 4314 bei
1146 4261 1177 4315 L.
1196 4260 1275 4314 fohri
1288 4277 1330 4314 so·

155 4331 329 4399 nachl'assigt
345 4331 449 4384 wurde.
772 4348 823 4400 gar
845 4331 892 4386 bei
914 4347 1198 4401 vorangegangenem
1223 4348 1258 4386 ne
1280 4331 1331 4384 das

181 4406 204 4452 9,
234 4405 306 4467 suas
325 4402 382 4453 auf
398 4401 451 4455 das
475 4401 577 4472 Object
599 4418 642 4456 eos
669 4402 716 4456 be·
770 4418 855 4472 neque
873 4402 954 4456 einen
973 4402 1163 4456 Absichtsaata
1181 4402 1247 4457 fort.
