2888 4800
142 217 186 282 50
505 216 615 271 Lissa
632 217 745 274 amm.
764 217 841 272 ose.
861 223 904 270 66.
1147 243 1167 273 ..
1185 243 1208 272 s
1229 243 1250 273 ο.
1268 235 1324 274 no.

144 381 213 465 gati
245 379 442 463 praesidium
474 380 593 444 finibus
626 380 691 444 suis
724 383 853 445 orantes
884 384 1053 465 venenmt3
1085 402 1166 464 quae
1189 381 1320 466 legatio

139 473 382 553 peropportuna
404 469 473 534 visa
495 469 536 534 ad
553 469 794 533 multitudinem
812 469 1011 533 inconditam
1026 491 1063 533 ac
1077 470 1319 535 tumultuosam

106 558 378 624 sexonerandam
406 557 564 642 ducesque
592 558 660 623 eius
689 557 896 642 ablegandos.
940 557 1156 642 Hippocrates
1179 563 1319 641 praetor

143 647 257 711 ducere
280 669 318 711 eo
341 645 528 731 transfugas
551 647 671 729 iussus,
694 647 795 711 seeuti
817 647 913 710 multi
928 669 966 711 ex
980 647 1207 711 mercennariis
1222 648 1316 712 auxi-

105 735 194 802 aliis
227 739 380 820 quattuor
411 736 502 800 milia
536 739 733 800 armatorum
766 735 946 800 effecerunt
984 739 1016 800 et
1044 736 1250 801 mittentibus
1281 741 1318 802 et

140 824 247 888 missis
271 847 309 889 ea
331 826 417 890 laeta
441 825 601 909 expeditio
624 823 700 888 fuit:
733 823 810 889 nam
833 824 962 904 stillis,
985 823 1157 908 quodiam
1181 825 1236 889 diu
1261 847 1315 890 cu·

140 912 288 997 piebant,
310 913 452 979 novandi
474 936 525 978 res
549 914 675 978 occasio
699 913 776 977 data
794 916 856 996 est,
879 913 960 978 ethi
974 913 1135 977 sentinam
1149 914 1318 997 quandam

140 1002 230 1066 urbis
262 1003 326 1067 rati
357 1002 547 1067 exhaustam
578 1002 789 1081 laetabantur.
830 1006 972 1068 ceterum
998 1002 1188 1066 levaverunt
1214 1003 1318 1069 modo

139 1092 173 1154 in
205 1092 389 1174 praesentia
420 1092 510 1155 velut
541 1113 657 1175 corpus
690 1111 837 1175 aegrum,
869 1113 932 1174 quo
965 1113 1040 1156 mox
1066 1091 1101 1154 in
1129 1092 1315 1176 graviorem

105 1198 123 1245 4
142 1181 291 1244 morbum
319 1180 483 1244 recideret.
527 1178 741 1264 Hippocrates
770 1180 856 1244 enim
879 1180 1016 1244 finitima
1039 1180 1225 1263 provinciae
1248 1179 1317 1246 Ro-

142 1291 256 1332 manae
278 1270 382 1352 primo
402 1268 530 1333 furtivis
546 1269 787 1333 excursionibus
802 1272 929 1333 vastare
944 1269 1063 1352 coepit3
1087 1268 1214 1352 deinde,
1238 1290 1314 1332 cum

141 1357 181 1421 ad
204 1358 341 1422 tuendos
366 1357 525 1422 sociorum
549 1378 645 1442 agros
668 1361 802 1422 missum
822 1357 863 1421 ab
877 1357 984 1441 Appio
1003 1357 1199 1441 praesidium
1217 1362 1319 1442 esset,

141 1446 290 1510 omnibus
321 1447 422 1530 copiis
452 1447 608 1530 impetum
637 1447 671 1509 in
702 1446 884 1529 oppositam
899 1456 902 1462 '
915 1447 1088 1511 stationem
1119 1468 1194 1511 cum
1217 1447 1314 1511 caede

105 1536 317 1602 tmultorum
345 1535 431 1600 fecit.
473 1557 555 1620 quae
582 1558 654 1600 cum
682 1539 790 1599 essent
812 1534 963 1599 nuntiata
984 1534 1151 1618 Marcello,
1184 1536 1317 1619 legatos

141 1624 302 1708 extemplo
327 1623 502 1708 Syracusas
529 1624 632 1707 misit,
665 1624 721 1709 qui
747 1625 835 1707 pacis
863 1624 959 1688 fidem
982 1628 1112 1707 ruptam
1135 1645 1205 1688 esse
1228 1623 1314 1689 dioe-

142 1716 215 1776 rent
246 1735 305 1777 nec
334 1713 410 1778 belli
438 1713 620 1778 defuturam
648 1735 801 1798 umquam
830 1735 973 1796 causam,
1005 1713 1069 1776 nisi
1096 1711 1318 1796 Hippocrates

143 1804 238 1885 atque
261 1800 421 1885 Epicydes
444 1823 510 1867 non
533 1803 574 1866 ab
594 1799 760 1886 Syracusis
783 1803 880 1867 modo
904 1801 960 1866 sed
982 1804 1053 1865 tota
1075 1802 1186 1885 procul
1201 1799 1317 1866 Sicilia

105 1889 378 1973 cablegarentur.
423 1890 598 1975 Epicydes,
624 1912 665 1954 ne
689 1895 746 1955 aut
767 1913 840 1954 reus
864 1890 1007 1956 criminis
1032 1891 1175 1954 absentis
1198 1890 1316 1957 fratris

141 2000 294 2063 praesens
326 1984 423 2063 esset,
457 1984 513 2044 aut
542 1980 667 2044 deesset
695 2002 754 2063 pro
784 1983 876 2063 parte
907 2002 966 2044 sua
996 1979 1187 2043 concitando
1215 1979 1318 2059 bello,

140 2066 305 2150 profectus
329 2071 361 2131 et
384 2069 453 2152 ipss
476 2069 511 2132 in
532 2068 722 2151 Leontinos,
751 2069 828 2152 quia
852 2069 932 2133 satis
955 2090 1010 2132 eos
1035 2069 1185 2132 adversus
1209 2089 1315 2152 popu·

140 2156 209 2220 lum
231 2155 413 2222 Romanum
437 2159 616 2223 concitatos
640 2158 804 2240 cernebat,
828 2160 970 2221 avertere
995 2157 1094 2221 etiarn
1118 2157 1158 2220 ab
1178 2154 1318 2241 Syracu-

172 2331 352 2401 praesidinm]
385 2349 447 2399 aum
475 2330 576 2385 Schutz
608 2348 698 2401 gagen
750 2330 810 2385 und
831 2331 940 2386 werden
963 2350 1018 2386 von
1036 2332 1066 2386 L.
1086 2349 1157 2402 ganz
1180 2333 1317 2401 gentlin-

140 2400 184 2454 die
217 2418 253 2454 an
284 2401 364 2455 ihren
392 2400 515 2456 Grenzen
545 2403 698 2456 stehenden
750 2402 808 2456 lieh
826 2403 879 2456 mit
897 2402 986 2456 einem
1001 2401 1068 2457 Gen.
1083 2403 1176 2471 partit.
1192 2402 1314 2457 verbun-

139 2472 252 2530 Rbmen
273 2490 293 2525 s.
315 2479 339 2540 7,
358 2480 382 2527 9.
752 2475 820 2528 den:
849 2473 905 2528 ‘die
933 2474 1145 2541 angrenzenden
1173 2473 1317 2541 Striehe’;

175 2543 283 2612 lepaiio]
295 2543 370 2597 diese
381 2543 411 2598 G.
426 2544 483 2598 und
497 2544 542 2597 ihr
550 2543 697 2612 Anliegen.
751 2546 807 2614 agl.
828 2545 878 2614 25,
899 2551 940 2611 13,
961 2550 995 2597 14
1017 2546 1132 2599 nitentes
1151 2547 1317 2612 perardua

175 2616 332 2685 exonerare]
352 2615 463 2685 eigentl.
482 2614 655 2682 ‘entlasten’‚
674 2635 696 2668 a.
752 2617 844 2669 hostes.
882 2616 932 2683 26,
957 2621 1040 2679 20,6
1068 2621 1253 2670 concesserant
1281 2618 1316 2670 in

139 2684 169 2738 B.
188 2691 311 2739 senatam
325 2703 401 2753 cara,
419 2687 554 2741 civitatem
567 2691 638 2740 meta
651 2689 697 2753 (=
751 2688 955 2742 mediterranea.
976 2687 1084 2747 ebenda
1103 2692 1146 2754 40,
1165 2693 1181 2740 9
1200 2703 1261 2741 cnm
1281 2689 1316 2740 in

139 2757 275 2824 liberare),
289 2757 340 2811 hat
353 2757 413 2811 hier
426 2758 471 2811 die
481 2757 577 2824 Sache,
592 2758 698 2813 welche
751 2760 841 2813 media
858 2760 936 2813 urbis
953 2759 1052 2825 iretur,
1071 2757 1101 2810 in
1119 2756 1313 2811 6616661606-

140 2828 181 2882 616
204 2828 271 2882 Last
293 2828 415 2898 gedaoht
437 2829 486 2898 ist,
509 2847 571 2882 aum
591 2829 698 2898 Objeet,
753 2847 798 2884 sus
817 2849 839 2884 z.
860 2830 889 2883 Β.
901 2828 954 2896 26,
974 2834 1017 2897 25,
1036 2836 1051 2883 3
1075 2831 1191 2882 uastatis
1213 2829 1316 2897 proni·

139 2899 198 2953 also
222 2926 256 2945 =
279 2901 446 2955 exonerandi
478 2917 562 2955 caasa
592 2903 697 2965 (saone
751 2902 803 2955 mis
822 2902 942 2971 Illyrici.
978 2901 1053 2955 Aber
1075 2901 1147 2954 auch
1169 2916 1224 2953 von
1242 2897 1314 2952 Din-

139 2972 245 3025 randae
263 2972 383 3026 civitatis
401 2976 496 3039 cansa)
509 2986 640 3026 removere
654 2970 698 3026 od.
772 2988 806 3026 en
820 2971 951 3026 kommen
965 2970 1059 3025 solche
1072 2971 1180 3025 Neutra
1193 2969 1222 3024 in
1236 2970 1314 3024 allen

140 3042 257 3097 edneere.
752 2990 839 3096 dasne
864 3042 943 3096 nieht
967 3042 1055 3096 selten
1080 3059 1130 3096 vor
1156 3043 1209 3112 (wo
1234 3042 1316 3094 sonet

176 3118 200 3165 2.
238 3114 431 3167 mercennariis
462 3113 591 3182 aaailiis]
631 3113 699 3166 awei
752 3129 794 3167 res
816 3113 997 3182 hinnugefr'igt
1019 3131 1053 3165 aa
1077 3113 1188 3167 werden
1204 3111 1313 3182 pflegt),

140 3182 243 3247 Subst3
262 3183 319 3251 agl.
338 3202 373 3236 zu
392 3189 434 3250 16,
453 3189 476 3236 6.
751 3184 805 3238 wie
822 3190 864 3250 21,
884 3189 940 3236 4u.
955 3189 998 3250 47,
1018 3190 1033 3236 3
1052 3184 1165 3252 ipnaros
1183 3183 1311 3238 omninm.

175 3253 581 3376 61Ῑ6666661ὲε6661666661,ι
598 3254 699 3309 ebenso
753 3261 795 3322 24,
816 3261 830 3306 1
849 3255 893 3308 bis
912 3255 1065 3310 audiendis.
1084 3261 1128 3323 45,
1148 3260 1182 3307 14
1196 3254 1315 3324 capnitis

140 3321 190 3390 25,
210 3330 238 3391 3,
258 3329 282 3378 7.
341 3324 457 3378 oans.
481 3323 535 3379 BC.
560 3325 590 3391 1,
618 3330 698 3394 15,5
753 3326 885 3380 omnibns.

140 3395 258 3462 efficerm
277 3394 332 3449 Be.
354 3394 379 3461 7,
399 3402 441 3463 75,
461 3401 476 3449 5
495 3398 631 3466 complere.
789 3402 813 3451 5.
829 3398 910 3465 pacis
927 3396 1016 3466 fidem]
1028 3397 1076 3451 der
1088 3396 1309 3465 ‘versprochena

176 3471 200 3519 3.
219 3466 276 3519 illis
294 3496 327 3506 -
342 3467 382 3538 in]
401 3484 466 3521 man
486 3468 568 3521 sollte
586 3469 629 3522 bis
643 3468 699 3522 und
753 3468 925 3538 garantierte
943 3467 1065 3535 Friede',
1083 3467 1149 3522 weil
1165 3468 1231 3534 fides
1249 3465 1317 3520 hier

139 3536 184 3590 illi
217 3539 353 3592 erwarten
385 3539 437 3608 mit
468 3539 622 3593 Rueksicht
652 3539 702 3594 auf
752 3539 863 3608 passive
883 3540 1047 3608 Bedeutung
1065 3539 1129 3606 hai,
1157 3554 1188 3592 so
1206 3537 1261 3605 oft,
1288 3556 1311 3591 a.

139 3609 305 3662 mittentibus
323 3611 379 3663 und
398 3612 501 3675 missis;
519 3610 605 3665 allein
623 3610 699 3665 disse
752 3612 782 3664 B.
803 3611 830 3678 3,
850 3616 891 3678 18,
911 3617 927 3664 3
950 3611 1029 3677 sidem
1054 3610 1191 3677 foederum
1208 3609 1240 3662 id
1262 3623 1316 3678 po·

141 3678 269 3749 Stellung
293 3680 344 3733 hat
367 3680 429 3736 Liv.
455 3698 505 3735 aus
531 3683 595 3736 dem
619 3684 699 3750 Auge
752 3697 829 3737 scere.
858 3681 966 3751 27,30,
987 3688 1019 3735 12
1039 3687 1135 3735 eontra
1152 3681 1311 3748 61666666-

139 3749 267 3803 verloren
284 3751 342 3804 und
360 3751 524 3807 bezeichnet
537 3754 583 3808 die
596 3755 698 3820 missos,
751 3753 895 3808 centionis.

141 3818 186 3874 die
195 3820 421 3892 Ausgezogenen,
433 3824 507 3892 jetzt
514 3824 544 3878 in
553 3824 602 3877 der
611 3824 698 3877 Ferae
788 3831 813 3878 6.
829 3824 970 3896 praesens]
987 3849 1020 3868 =
1039 3825 1064 3876 si
1082 3824 1183 3877 adesset
1202 3821 1270 3875 oder
1286 3822 1317 3874 si

140 3890 331 3946 Befindlichen
355 3893 409 3948 mit
432 3896 489 3960 illi,
514 3895 559 3949 die
578 3893 698 3948 Zuriick·
752 3894 900 3965 Syracusis
917 3899 1044 3948 maneret.

141 3961 324 4032 gebliebenen
357 3967 489 4020 mittentes
520 3965 573 4019 mit
603 3967 633 4019 n·
659 3964 698 4019 im
787 3965 885 4035 deesse]
909 3965 961 4019 mit
982 3965 1046 4019 Dat.
1072 3964 1142 4020 ‘sich
1166 3962 1312 4018 entzieben

143 4031 239 4087 Geiste
257 4035 306 4087 der
325 4034 521 4104 Syrakusaner.
753 4043 778 4103 (ς
799 4041 856 4105 12),
882 4054 912 4090 66
930 4053 965 4090 an
979 4036 1147 4104 Bemdhung
1163 4036 1209 4088 fiir
1225 4036 1317 4089 etwas

176 4110 201 4158 4.
213 4105 344 4176 finitima]
356 4106 583 4161 substantivierte
592 4108 700 4162 Neutra
751 4108 847 4163 fehlen
865 4107 978 4162 lassen’.

141 4175 216 4230 Plur.
237 4177 293 4244 (am
311 4177 467 4247 htufigsten
484 4177 524 4231 im
542 4178 623 4233 Nom.
642 4179 699 4232 und
784 4196 839 4248 pro
854 4184 936 4248 parte
949 4179 1012 4249 sna]
1028 4175 1129 4233 ebeuso
1144 4177 1190 4246 28,
1205 4182 1248 4244 33,
1264 4181 1312 4244 1⁰3

141 4248 216 4315 Aca,
253 4249 316 4302 weil
352 4248 413 4303 hier
449 4249 497 4304 das
534 4248 702 4303 Geschlecht
754 4246 1311 4319 666616666611666616(1616613.

142 4317 288 4373 kenntlich
305 4320 352 4389 ist)
371 4320 472 4376 dienen
490 4320 545 4389 oft,
564 4319 617 4375 wie
631 4319 700 4390 hier,
753 4322 800 4388 26,
828 4328 871 4388 36,
899 4325 926 4390 3)
958 4322 1025 4376 oder
1046 4336 1101 4389 pro
1124 4325 1207 4389 parte
1233 4318 1317 4373 uirili

142 4407 190 4442 zur
220 4389 414 4462 Beaeichnung
444 4409 499 4449 von
525 4391 701 4447 Localitbten
754 4393 791 4461 (3,
811 4400 853 4463 71,
873 4395 908 4463 8).
