2888 4800
113 264 247 317 10111,
266 265 312 304 ns.
362 263 365 268 ·
499 247 610 303 LIBER
628 246 739 301 XXIIII.
768 231 908 302 cleia.
1247 245 1288 311 75

206 412 246 477 In
273 434 311 476 ea
343 413 452 476 castra
479 409 598 474 Dasius
626 408 769 474 Altinius
796 407 940 492 Arpinus
972 409 1056 474 clam
1087 412 1183 473 nocte
1216 429 1288 472 cum
1297 411 1341 478 45

117 501 223 566 tribus
248 501 348 565 servis
370 499 461 564 venit
482 499 685 584 promittens,
709 499 736 563 si
760 498 822 562 sibi
845 497 989 581 praemio
1011 498 1105 579 foret,
1128 518 1162 560 se
1180 495 1287 580 Arpos

117 590 323 674 proditurum
340 610 421 653 esse.
453 610 525 653 eam
543 609 612 652 rem
630 588 670 652 ad
690 586 860 652 consilium
878 607 948 651 enin
965 586 1145 650 rettulisset
1158 584 1287 670 Fabius,
1307 605 1323 654 2

117 679 190 744 aliis
219 701 278 762 pro
305 676 476 762 transfuga
504 676 722 741 verberandus
755 675 981 759 necandusque
1008 675 1110 739 videri
1136 674 1287 758 ¹ancipitis

117 768 220 834 animi
239 766 417 833 communis
439 765 553 850 hostis,
576 765 632 849 qui
650 769 725 849 post
744 763 948 829 Cannensem
967 762 1099 846 cladem,
1121 767 1288 848 tamquam

117 879 191 922 cum
214 856 345 921 fortuna
363 855 459 919 fidem
477 859 564 919 stare
586 856 762 936 oporteret,
786 853 826 918 ad
843 853 1063 917 Hannibalem
1086 851 1240 916 descisset
1261 858 1290 918 et

116 946 270 1010 traxisset
301 944 341 1008 ad
373 943 584 1008 defectionem
611 944 731 1026 Arpos3
763 946 846 1025 tum,
878 943 1029 1027 quoniam
1061 961 1112 1005 res
1140 939 1323 1008 Romanae

115 1037 232 1100 contra
255 1054 345 1116 spem
368 1037 509 1116 votaque
538 1031 605 1106 eius
633 1031 722 1094 velut
746 1052 914 1116 resurgere
937 1030 978 1095 ab
1003 1030 1156 1113 stirpibus
1181 1029 1288 1094 videa-

117 1127 185 1205 tur,
216 1143 335 1186 novam
361 1121 481 1186 referre
512 1119 728 1204 proditionem
758 1120 895 1203 proditis
924 1119 1128 1203 polliceatur,
1161 1118 1288 1184 aliunde
1322 1151 1326 1159 ·

117 1215 183 1276 stet
206 1232 343 1294 semper,
372 1209 500 1274 aliunde
523 1209 652 1292 sent-iat,
681 1209 800 1273 infidus
829 1209 947 1293 sociuS,
975 1230 1077 1272 vanus
1101 1206 1219 1284 hostis:
1248 1207 1288 1271 ad

116 1299 316 1366 Faleriorum
335 1298 517 1382 Pyrrhique
539 1297 739 1381 proditorem
761 1297 893 1362 tertium
917 1296 1093 1381 transfugis
1116 1296 1171 1361 hee
1193 1296 1288 1361 docu-

116 1392 261 1452 mentum
284 1390 376 1451 esset
414 1391 527 1452 eontra
550 1408 588 1450 ea
611 1386 753 1451 consulis
772 1390 864 1471 pater
881 1384 1002 1451 Fabius
1025 1388 1208 1469 temporum
1231 1385 1324 1452 ob-4
1392 1460 1394 1465 ¹

115 1477 191 1543 litos
214 1476 361 1541 homines
384 1475 420 1540 in
443 1475 548 1540 medio
572 1475 687 1539 ardore
710 1475 797 1560 belli,
822 1478 989 1559 tamquam
1012 1474 1048 1538 in
1070 1496 1163 1558 pace,
1186 1474 1289 1538 libera

115 1566 156 1630 de
179 1586 306 1650 quoque
329 1564 464 1629 arbitria
483 1585 579 1648 agere
602 1564 723 1642 aiebat,
746 1567 791 1646 ut,
814 1585 887 1628 cum
904 1563 985 1628 illud
1003 1562 1111 1647 potius
1130 1563 1323 1647 agendumo
1378 1641 1380 1644 y

117 1658 214 1737 atque
238 1653 446 1738 cogitandum
466 1653 522 1733 sit,
545 1652 655 1735 siquo
678 1652 775 1717 modo
797 1653 869 1716 fieri
890 1653 1004 1735 possit,
1026 1672 1068 1714 ne
1091 1651 1147 1735 qui
1171 1651 1250 1717 socii
1268 1673 1289 1716 a

117 1742 239 1826 populo
258 1741 406 1806 Romano
430 1740 618 1824 desciscant,
640 1745 697 1804 ont
718 1745 755 1804 ut
776 1741 853 1805 novi
876 1741 1096 1824 concilientur,
1119 1739 1288 1805 documen·

116 1835 186 1895 tum
215 1831 313 1893 etiam
342 1829 467 1894 dicatur
496 1828 597 1892 statui
620 1833 782 1913 oportere,
811 1830 932 1913 siquis
959 1829 1127 1911 resipiscat
1149 1832 1182 1893 et
1205 1830 1287 1894 anti-

117 1941 214 2003 quam
243 1918 432 1983 societatem
459 1917 618 2000 respiciat.
665 1918 750 2002 quod
775 1919 803 1983 si
826 1919 915 1983 abire
939 1919 980 1983 ab
1003 1918 1159 1984 Romanis
1184 1919 1323 1998 lisceto

151 2147 199 2203 45.
229 2153 253 2200 1.
274 2147 300 2200 si
312 2147 367 2200 siti
375 2146 500 2213 praemio
513 2145 594 2216 foret]
612 2145 674 2214 ‘es',
764 2146 865 2217 nenne]
899 2147 952 2215 eig.
987 2145 1124 2215 ‘nichtig,
1151 2145 1288 2200 unschad-

114 2218 238 2275 namlich
252 2218 369 2285 prodere
390 2217 487 2284 Arpos.
729 2217 806 2284 lich’,
826 2217 887 2271 hier
904 2217 958 2271 wie
976 2223 1019 2286 32,
1039 2221 1063 2271 1.
1349 2217 1355 2232 ‘

151 2296 175 2344 2.
204 2289 353 2344 coruncanis
369 2288 465 2358 tostis]
489 2288 528 2342 ist
545 2287 606 2342 eine
625 2289 673 2342 be·
764 2289 812 2360 ad]
843 2289 890 2342 ‘zu
913 2289 1008 2342 diesen
1032 2288 1105 2343 noch
1132 2287 1225 2342 hinzu'
1253 2315 1286 2334 =

115 2360 277 2432 griindende
296 2360 400 2429 Appos.
420 2377 483 2413 aum
502 2358 625 2427 Subject.
725 2366 843 2429 praeter.

151 2438 175 2486 3.
206 2446 345 2500 reenrpere
368 2430 402 2484 ab
428 2431 574 2501 stirpitus]
603 2430 673 2483 thu·
763 2430 1288 2500 docmmntnm]ein‘warnendes'Bei-

114 2501 189 2555 licha
202 2501 368 2570 Metapheru
390 2501 488 2569 (daher
505 2502 585 2567 velut,
604 2520 624 2557 s.
639 2518 674 2554 zu
727 2501 807 2571 spiel,
817 2522 838 2557 s.
849 2521 883 2556 zu
893 2508 972 2568 8,2o;
986 2502 1112 2571 hdufiger
1121 2504 1185 2572 sagi
1194 2502 1225 2557 L.
1234 2503 1289 2558 mit

116 2577 141 2638 1,
155 2573 180 2638 7)
199 2571 261 2624 sind
279 2571 359 2626 nicht
377 2571 468 2624 selten
485 2571 532 2626 bei
550 2572 590 2638 L,
609 2591 631 2626 a.
641 2572 673 2626 Β.
726 2574 811 2629 Dativ
830 2573 880 2628 des
894 2573 1023 2628 Zweckes
1044 2575 1201 2628 dcennrento
1219 2590 1288 2640 esse;

115 2641 166 2708 26,
185 2646 228 2709 32,
247 2647 264 2694 4
286 2642 311 2694 si
331 2642 366 2695 ab
387 2642 486 2707 inseris
508 2643 609 2695 existat
625 2658 675 2695 rea
728 2644 800 2697 auch
819 2646 897 2698 sonet
915 2645 1006 2711 gehen
1024 2644 1106 2698 beide
1124 2645 1286 2700 Ausdrr'icke

114 2713 210 2767 Hiero.
235 2711 281 2780 26,
292 2717 335 2778 41,
345 2717 378 2765 22
395 2712 482 2778 scocie
495 2713 603 2765 nomini
616 2711 674 2765 Sci·
728 2714 817 2767 neben
832 2713 964 2768 einander
976 2715 1035 2778 her,
1047 2714 1100 2768 wie
1114 2716 1286 2782 impedimen·

110 2785 238 2854 pienum,
255 2783 345 2837 annoti
362 2783 558 2850 imperatorum
575 2787 674 2836 resno
728 2789 786 2838 tnrn
804 2800 857 2838 esse
872 2786 924 2852 (46,
940 2786 967 2854 4)
982 2802 1007 2839 u.
1027 2786 1215 2855 impedimento
1233 2802 1288 2841 esse

113 2855 256 2910 rumneird
263 2853 674 2921 mcinsreerescentietirpitns.
729 2854 767 2922 (8,
787 2861 831 2921 32,
850 2857 877 2923 5)
895 2872 923 2908 u.
942 2871 965 2908 a
983 2873 1020 2908 m.

150 2926 251 2992 referre
264 2924 460 2995 proditionem]
480 2923 517 2979 ist
536 2923 675 2979 ironische
764 2931 790 2982 4.
817 2926 947 2996 nomines]
966 2925 1030 2980 wir:
1051 2926 1148 2994 ‘mau',
1168 2926 1221 2996 sig.
1241 2927 1286 2982 die

114 2995 314 3065 Nachbildung
335 3011 392 3050 von
417 2997 539 3064 pretione
560 2995 674 3061 referre:
728 2997 829 3066 Leute,
848 2996 893 3052 die
912 2996 1137 3067 augenblicklich
1156 2999 1206 3053 das
1225 3014 1287 3052 con·

116 3068 210 3122 ‘einen
230 3067 350 3121 Ferrath
373 3084 421 3120 aur
443 3065 674 3136 Entschltdigung
727 3069 820 3122 silium
843 3068 951 3132 bilden3
979 3085 1009 3123 so
1030 3068 1130 3136 2θ,2,
1151 3074 1165 3122 1
1189 3070 1287 3124 titulus

113 3137 253 3208 bringen'.
726 3139 838 3194 tonnis
863 3156 992 3210 inapncnn
1014 3145 1123 3209 portem
1147 3141 1288 3194 tontininn

148 3211 249 3277 referre
268 3209 444 3280 polliceatur]
472 3208 511 3264 ist
534 3208 596 3264 eine
620 3209 673 3264 sel·
727 3211 878 3278 offendebat
896 3211 956 3279 (der
975 3211 1149 3279 Senatoren).

112 3281 179 3335 tene
208 3279 327 3346 Constr.;
359 3280 416 3350 vgl.
444 3278 491 3348 44,
519 3287 544 3347 7,
568 3285 584 3334 5
615 3281 675 3334 sine
763 3287 787 3337 ὃ.
814 3282 858 3352 nt]
884 3281 962 3336 fuhrt
984 3282 1035 3336 das
1058 3283 1286 3353 vorhergehende

112 3351 251 3419 praesidio
282 3352 433 3420 relinquere
459 3367 487 3405 se
513 3352 550 3405 iis
581 3353 674 3405 intem
726 3357 876 3421 temporam
903 3353 998 3408 oblitos
1025 3352 1122 3408 weiter
1149 3369 1211 3420 aus,
1244 3354 1285 3408 als

113 3423 672 3562 ni]
727 3424 1170 3564 urrunnun.
1193 3430 1286 3549 uu}

113 3561 211 3616 lender
224 3561 379 3629 Ausdruclr,
397 3562 518 3616 welcher
534 3562 598 3616 dem
612 3579 674 3617 vor·
727 3563 835 3618 sichten
858 3563 937 3619 nicht
959 3564 1175 3632 eingeschrtnkt
1188 3584 1214 3621 u.
1234 3584 1287 3620 nur

113 3631 310 3703 hergehenden
337 3633 450 3687 aliunde
471 3638 527 3687 etot
553 3632 672 3702 nachge-
726 3634 799 3688 nach
818 3634 882 3688 dem
896 3633 999 3689 Gefdhl
1013 3635 1062 3688 des
1076 3636 1201 3690 Rechten
1217 3638 1287 3691 iiber

113 3703 205 3758 bildet
230 3702 280 3768 ist;
309 3702 371 3757 hier
396 3703 463 3758 aber
488 3704 526 3758 ist
553 3704 673 3773 aliiende,
724 3705 804 3774 jedes
823 3705 947 3760 einzelne
965 3724 999 3759 au
1018 3706 1210 3775 eutscheideu,
1232 3708 1286 3762 wie

114 3773 194 3828 nicht
216 3774 285 3828 aiibi
311 3776 424 3844 garriga
451 3774 517 3829 weil
542 3779 616 3829 stare
638 3776 672 3830 at
726 3777 756 3830 in
775 3777 1009 3844 Friedensaeiten,
1030 3777 1084 3831 soll
1101 3777 1156 3832 den
1174 3777 1286 3850 Kriegs-

114 3846 207 3914 atiquo
230 3844 275 3899 die
303 3844 437 3900 stehende
460 3846 609 3916 Wendung
633 3845 673 3900 im
726 3848 932 3903 verh‘altnissen
964 3847 1117 3919 Reehnung
1151 3851 1286 3920 getragen

114 3916 194 3971 class.
221 3915 321 3970 Lateiu
348 3916 399 3982 ist,
427 3917 483 3987 vgl.
509 3916 560 3984 21,
587 3923 632 3985 10,
656 3923 672 3971 9
726 3919 846 3973 werden.
1184 3922 1187 3933 '

113 3992 222 4042 eventus
250 3987 320 4054 belli,
348 3989 421 4041 unde
443 3989 488 4041 ins
512 3989 616 4055 nabat,
648 3990 674 4043 ei
761 3989 901 4058 respiciat]
929 4007 997 4059 resp.
1021 3991 1092 4060 ctqd.
1122 3991 1179 4061 eig:
1202 3992 1285 4046 ‘nach

112 4060 257 4143 victoriam
283 4059 365 4113 dedit.
411 4058 462 4124 25,
486 4064 533 4129 15,
558 4064 590 4113 13
617 4060 673 4127 fido
727 4064 813 4115 etwas
844 4061 1088 4129 aurdckschaueu',
1123 4063 1188 4117 dem
1219 4079 1286 4145 man

113 4130 618 4284 cernennentes..
641 4130 672 4271 la:
728 4131 1286 4273 3132232231132

114 4274 176 4341 22)
199 4270 257 4325 und
278 4288 330 4340 pro
355 4273 461 4341 utiquo,
487 4277 586 4327 sentire
613 4288 674 4326 curn
727 4291 793 4328 man
819 4274 879 4329 sich
904 4274 1005 4330 rorher
1032 4290 1087 4328 von
1113 4274 1174 4328 ihm
1201 4276 1286 4345 abga-

114 4343 222 4411 utiqno5
245 4361 266 4397 s.
287 4343 313 4412 1,
332 4348 376 4411 52,
395 4350 411 4398 4
434 4349 507 4399 stare
525 4359 559 4399 ac
575 4345 674 4398 sentire
727 4345 839 4400 wendet
866 4345 929 4410 hat;
949 4361 987 4405 ¹uo
1015 4345 1087 4399 auch
1114 4345 1164 4400 das
1193 4346 1288 4400 Subit.

114 4428 175 4467 enm
192 4430 260 4483 repe.
728 4434 752 4470 a.
770 4415 803 4474 B.
819 4416 876 4487 ac,
891 4422 923 4487 1,
939 4422 960 4469 t
979 4421 1092 4482 secute
1108 4414 1241 4479 &dapason
1260 4415 1309 4460 urc-
