2888 4800
119 292 142 321 a.
162 280 211 321 chr.
230 291 252 320 n.
270 282 316 320 are.
506 264 616 318 Llssna
634 263 746 320 XXIIII.
767 263 842 319 OAP.
863 269 905 318 31.
924 270 967 318 32.
1247 263 1290 328 55

122 429 219 493 simul
238 427 381 509 obsides,
403 431 473 491 tum
491 431 647 512 cognatos
667 447 792 511 quoque
812 447 923 491 eorum
943 430 1039 510 atque
1058 427 1178 491 amicos
1197 428 1289 492 tanto
1310 443 1343 492 13

123 518 238 581 merito
269 518 423 601 primurn,
460 516 534 580 dein
564 516 700 601 pignore
734 515 797 579 sibi
829 516 1044 581 conciliarent.
1095 516 1290 601 expertique,
1310 532 1343 580 14

120 628 218 690 quam
243 628 326 670 vana
349 609 406 670 aut
427 605 492 669 levi
516 627 595 669 aura
617 604 736 669 mobile
757 605 873 688 volgus
897 608 993 682 esset,
1021 605 1158 668 militem
1181 605 1292 670 naneti
1319 662 1322 666 .

119 716 163 758 ex
190 717 228 760 eo
251 716 398 778 numero,
426 694 481 778 qui
503 693 537 758 in
559 693 725 758 Leontinis
749 693 951 759 circumsessi
974 697 1077 775 erant,
1105 693 1292 776 subornant,
1317 729 1321 737 ·

123 792 160 848 ut
192 782 366 867 Syracusas
398 782 553 865 perferret
584 782 735 846 nuntium
767 783 1009 846 convenientem
1042 782 1100 865 eis,
1138 804 1219 866 quae
1251 783 1291 846 ad
1386 785 1391 795 ”

122 871 235 956 Mylan
253 872 335 936 falso
354 871 504 935 nuntiata
522 873 629 955 erant,
652 874 878 954 auctoremque
898 893 932 934 se
951 870 1129 935 exhibendo
1149 893 1186 934 ac
1204 871 1291 935 velut
1311 888 1344 938 15

119 962 207 1045 msa,
230 983 311 1044 quae
335 960 431 1024 dubia
454 963 559 1043 erant,
581 959 741 1023 narrando
765 960 942 1024 concitaret
964 959 1029 1023 iras
1052 959 1228 1024 hominum.

211 1050 296 1114 Huic
317 1071 384 1113 non
407 1049 491 1133 apud
514 1050 646 1132 volgum
664 1048 759 1112 modo
777 1049 855 1113 fides
874 1048 950 1131 fuit,
973 1048 1028 1113 sed
1048 1052 1195 1112 senatum
1213 1069 1289 1131 quo·
1300 1050 1343 1116 32

118 1160 185 1222 que
208 1139 244 1202 in
266 1138 388 1202 curiam
410 1137 613 1202 introductus
636 1136 747 1202 movit.
783 1136 870 1201 haud
892 1137 967 1202 vani
990 1137 1121 1221 quidam
1143 1137 1289 1201 homines

122 1228 230 1312 palam
262 1227 343 1291 ferre
372 1228 511 1310 perbene
539 1225 697 1290 detectam
724 1226 759 1289 in
781 1225 947 1291 Leontinis
972 1247 1041 1290 esse
1066 1225 1235 1290 avaritiam
1259 1230 1291 1289 et

120 1316 344 1382 crudelitatem
367 1315 595 1380 Romanorum.
632 1315 755 1398 eadem,
779 1316 807 1379 si
826 1316 1006 1380 ‘intrassent
1021 1313 1210 1398 Syracusas,
1234 1319 1291 1379 aut
1317 1321 1320 1327 ’

121 1405 264 1470 foediora
287 1405 398 1488 etiam,
422 1426 484 1489 quo
504 1405 608 1468 maius
627 1404 673 1468 ibi
692 1404 846 1468 avaritiae
869 1405 1048 1487 praemium
1067 1407 1164 1486 esset,
1187 1403 1289 1468 factu·

119 1516 174 1558 ros
204 1495 314 1559 fuisse.
359 1493 468 1577 itaque
498 1493 691 1557 claudendas
722 1493 828 1556 cuncti
856 1497 968 1576 portas
992 1496 1024 1557 et
1047 1492 1323 1558 custodiendam

120 1583 234 1648 urbem
257 1603 394 1647 censere.
440 1581 495 1645 sed
518 1603 585 1645 non
609 1581 649 1644 ab
673 1581 787 1664 iisdem
811 1602 921 1646 omnes
943 1582 1056 1645 timere
1079 1603 1138 1646 nec
1161 1580 1289 1647 eosdem

118 1673 241 1736 odisse:
260 1671 308 1735 ¹ad
331 1670 471 1733 militare
495 1689 596 1753 genus
620 1691 715 1733 omne
738 1673 925 1752 partemque
948 1691 1100 1754 magnam
1119 1670 1222 1754 plebis
1242 1671 1289 1734 in·

120 1760 225 1823 visum
248 1780 318 1823 esse
341 1779 460 1822 nomen
484 1755 682 1840 Romanum3
711 1761 874 1840 praetores
898 1760 1164 1843 optimatiumque
1186 1760 1290 1844 pauci,
1309 1778 1324 1826 3

119 1869 316 1933 quamquam
339 1846 443 1910 inflati
465 1867 548 1910 vano
572 1845 685 1910 nuntio
710 1850 815 1931 erant,
847 1851 957 1912 tamen
980 1848 1020 1911 ad
1042 1849 1174 1931 propius
1198 1870 1289 1931 prae·

117 1937 306 2021 acutiusque
329 1936 449 1999 malum
473 1933 632 1999 cautiores
656 1956 734 2000 esse.
771 1938 804 1999 et
825 1935 891 1999 iam
915 1937 956 2000 ad
978 1936 1173 2020 hexapylum
1198 1941 1324 2003 erant4

157 2153 198 2202 13.
226 2145 355 2216 piynore]
381 2163 443 2198 zum
467 2144 618 2199 Gedankcn
641 2143 678 2199 ist
731 2147 795 2200 dem
820 2145 1021 2212 Schriltsteller
1047 2146 1128 2201 einen
1154 2148 1289 2203 besonde-

119 2224 144 2285 1,
166 2225 180 2272 7
199 2236 233 2272 nu
251 2216 438 2285 vergleichen.
729 2234 791 2286 ren,
816 2218 866 2272 das
884 2218 924 2271 im
942 2217 1010 2274 Adv.
1032 2217 1160 2288 liegende
1178 2219 1289 2274 Urtheil

156 2295 197 2343 14.
235 2289 318 2357 awa]
354 2288 407 2356 sig.
435 2285 592 2354 Anwehen,
624 2286 676 2340 Zn·
729 2289 971 2358 aussprechenden
992 2289 1070 2343 Sata:
1100 2290 1141 2343 ‘es
1165 2292 1205 2345 sei
1224 2291 1288 2346 sehr
1360 2328 1364 2342 »,

116 2361 229 2426 waben,
254 2357 469 2427 ‘Einwirlrung'3
497 2358 527 2411 in
540 2358 589 2412 der
607 2358 675 2411 h'au-
729 2362 780 2430 gut
803 2361 860 2427 (ein
880 2377 990 2430 grosses
1010 2360 1124 2428 Gliick),
1149 2362 1237 2416 dass.
1259 2362 1288 2430 .';

116 2433 191 2500 figen
216 2430 399 2499 Verbindung
426 2446 498 2483 anra
520 2429 676 2497 popularis,

118 2503 164 2555 die
187 2502 275 2555 selbst
296 2502 403 2555 mobilis
425 2499 475 2567 ist,
499 2500 543 2553 die
563 2500 675 2554 ‘Volks-

176 2572 222 2624 st’.

114 2590 272 2711 guductilis]
293 2639 392 2694 ‘leicht
405 2657 439 2693 au
452 2639 607 2707 benegen’,
623 2640 677 2695 wie

118 2720 162 2780 37,
182 2719 197 2766 2
216 2711 456 2779 ineapnynabilis;
474 2716 519 2776 34,
535 2716 551 2763 5
570 2712 677 2764 inhabi-

118 2786 153 2838 lis
173 2784 291 2837 ‘schwer
309 2800 343 2835 zu
362 2780 540 2834 handhaben'
560 2779 677 2850 (Gegan-

118 2857 178 2910 satz
195 2854 240 2920 22,
255 2860 298 2922 46,
313 2858 329 2906 5
347 2852 437 2921 yladii
455 2852 584 2906 breuitate
601 2852 678 2906 babi-

115 2928 166 2996 ies)
186 2926 242 2980 und
261 2924 363 2978 andere
382 2921 532 2991 Adiectiva
549 2921 600 2976 aul
615 2923 678 2977 bilis

118 2997 171 3051 mit
189 2995 315 3066 passiver
332 2993 498 3064 Bedeutung
522 2993 564 3048 oft
581 2993 628 3048 bei
646 2993 677 3048 L.

153 3085 186 3122 ea
209 3085 238 3123 eo
260 3065 383 3135 nunno]
409 3091 442 3110 =
462 3081 495 3119 eu
513 3081 605 3120 corun
624 3081 676 3118 nn

116 3155 188 3194 mero
203 3141 258 3208 (47,
275 3140 332 3207 13),
352 3154 382 3191 so
398 3137 462 3191 sehr
476 3136 525 3204 oft,
545 3135 609 3190 z.B.
630 3134 675 3204 23,

118 3217 146 3277 1,
166 3217 182 3266 8
206 3212 271 3264 dum
293 3227 327 3264 nc
349 3225 425 3278 quem
448 3209 559 3262 militem
582 3209 677 3275 leyeret

117 3298 150 3336 eu
168 3298 197 3335 ec
216 3297 339 3348 nunno,
363 3279 462 3348 quibus
484 3284 594 3333 senatus
612 3279 675 3332 mis-

112 3355 217 3406 sionem
241 3352 409 3419 reditumque
431 3351 463 3403 in
482 3351 606 3418 patriam
628 3366 675 3402 ne-

111 3428 203 3493 yasset
223 3427 286 3476 ante
304 3423 367 3475 belli
383 3422 471 3488 finem.

152 3508 284 3580 32-33,
299 3516 323 3564 9.
358 3507 676 3576 Ueberrumpelung

116 3597 181 3635 von
213 3579 368 3649 Syrakus.
409 3578 470 3633 Dio
509 3578 675 3646 punisehe

115 3649 231 3706 Partei
250 3668 301 3704 am
320 3649 548 3704 Staatsruder.
582 3647 675 3703 Offe-

113 3739 174 3778 ner
193 3721 299 3776 Bruch
318 3720 380 3774 mit
397 3720 484 3774 ltom.

153 3799 177 3848 1.
196 3792 295 3861 canus]
313 3791 351 3846 ist
368 3791 411 3847 als
425 3789 607 3860 Eigenschalt
625 3790 673 3846 des

115 3863 267 3920 Menschen
287 3863 329 3917 oft
353 3861 597 3932 ‘wankelmdthig'
618 3863 672 3930 (45,

113 3939 152 4006 3),
161 3935 238 3990 baud
249 3949 338 3988 canus
348 3932 582 4000 ‘oharalrterleat’3
597 3933 671 3988 hiere

116 4007 183 4062 ‘ein‘
206 4024 220 4061 e
240 4007 334 4060 sonet
352 4004 412 4073 ch',
432 4005 529 4059 andere
548 4009 590 4072 35,
611 4010 634 4059 5.

145 4095 168 4147 ρ
218 4095 244 4131 m
259 4076 348 4200 surrey
357 4076 395 4130 ist
408 4075 469 4130 eine
484 4075 594 4145 hbufige
605 4074 671 4130 Ver·

111 4148 241 4218 bindung
262 4147 309 4202 bei
352 4188 371 4215 .,
400 4145 454 4202 Cic.
483 4151 574 4215 aperte
600 4147 672 4213 ferre

116 4220 189 4274 ‘lant
206 4218 360 4284 erkldren'3
378 4218 449 4284 ferre
464 4217 505 4271 als
519 4217 601 4272 Verb.
617 4217 669 4274 dic.

112 4291 273 4360 uberhaupt
289 4288 336 4344 bei
354 4289 384 4343 L.
403 4288 517 4348 belisbt.

146 4363 261 4429 perbene
276 4361 415 4431 unctam]
431 4359 475 4414 die
489 4359 671 4430 Verbindung

113 4431 163 4486 des
182 4431 244 4501 Adj.
263 4431 316 4486 mit
333 4432 397 4487 dem
417 4431 539 4486 Verbum
562 4434 671 4502 erspart

729 2432 783 2502 vgl.
809 2432 860 2498 30,
885 2437 930 2497 15,
955 2438 970 2486 7
999 2433 1101 2486 nuntia
1125 2433 1220 2486 melius
1247 2450 1288 2487 nic

728 2504 891 2557 merituram
909 2504 1000 2571 fuisse,
1024 2505 1049 2556 si
1068 2545 1073 2557 .
1095 2544 1101 2557 .
1124 2503 1170 2573 35,
1189 2509 1232 2572 43,
1253 2510 1285 2559 11

728 2576 798 2629 nale
816 2575 990 2628 crediderunt
1007 2575 1098 2643 reyiae
1115 2576 1235 2629 vanitati
1258 2594 1285 2630 u.

730 2663 760 2699 so
780 2644 821 2699 oft
838 2645 884 2698 bei
902 2645 933 2697 L.

766 2721 791 2768 2.
810 2732 867 2769 non
889 2716 923 2769 ab
942 2715 1059 2768 iisdem
1077 2732 1167 2770 omnes
1184 2719 1287 2789 timere]
1351 2780 1353 2784 ,

730 2786 815 2840 n’aml.
839 2784 918 2838 nicht
940 2784 995 2838 alle
1018 2804 1067 2839 vor
1085 2786 1139 2840 den
1157 2788 1287 2856 Rbmern3

731 2875 779 2910 nur
789 2855 896 2910 Consti.
906 2855 963 2925 vgl.
974 2862 1017 2923 38,
1032 2862 1047 2910 9
1067 2873 1101 2910 ne
1113 2858 1181 2925 qnid
1190 2859 1224 2913 ab
1235 2859 1288 2912 Hi-

730 2929 844 2981 milcone
861 2928 951 2980 timeri
966 2929 1069 2995 possit·
1088 2927 1144 2996 (23,
1162 2935 1233 2998 36,1
1254 2933 1287 2985 ab

731 2998 892 3053 Hannibale
914 3000 1057 3067 metuens);
1086 2998 1187 3054 ebenso
1213 3000 1288 3055 baim

732 3070 822 3125 Subst.
843 3068 892 3137 45,
913 3069 955 3136 26,
973 3075 988 3123 7
1010 3086 1071 3123 oum
1089 3072 1177 3124 maior
1196 3090 1214 3126 a
1231 3072 1288 3127 Ro·

729 3143 819 3196 manis
836 3147 922 3195 netas
939 3141 1060 3195 timorem
1079 3159 1097 3195 a
1110 3145 1288 3212 principibus

728 3214 787 3266 suis
804 3213 918 3267 vicisset.

764 3283 882 3338 militare
899 3283 996 3354 yeuus]
1013 3285 1188 3339 =militares
1201 3286 1285 3340 bani-

729 3371 789 3422 nes,
808 3353 861 3408 wie
880 3355 909 3408 L.
924 3353 970 3419 42,
986 3360 1028 3420 33,
1042 3361 1057 3408 3
1077 3358 1141 3424 sagt
1159 3357 1226 3426 (vgl.
1241 3363 1284 3427 23,

730 3429 786 3494 10);
811 3425 912 3479 ebenso
930 3424 977 3492 34,
996 3430 1039 3493 27,
1059 3431 1074 3479 9
1098 3427 1128 3479 bi
1145 3433 1210 3480 sant
1228 3429 1284 3482 iam

728 3497 792 3550 inde
819 3496 973 3564 antiquitus
1000 3497 1154 3563 castellani,
1183 3505 1286 3566 ayreste

728 3581 826 3634 yenus,
847 3565 936 3619 woflir
954 3568 1033 3619 sonst
1049 3568 1082 3634 (a.
1102 3566 1132 3622 Β.
1152 3567 1198 3636 25,
1217 3574 1239 3635 1,
1258 3573 1285 3638 4)

729 3641 845 3705 cyrestcs
864 3636 949 3690 allein
967 3637 1050 3690 steht.

764 3708 884 3761 incisim
898 3708 936 3761 ad
948 3723 1033 3776 yenns
1046 3707 1134 3778 omne]
1154 3710 1225 3764 statt
1239 3710 1287 3764 des

730 3778 794 3833 Dat.
813 3779 880 3833 oder
897 3780 988 3847 apud;
1007 3797 1027 3833 s.
1047 3797 1082 3832 nu
1102 3786 1144 3849 13,
1163 3785 1205 3836 11.

762 3873 787 3920 3.
807 3868 933 3938 inflatus]
948 3866 1001 3936 eig.
1018 3867 1221 3938 ‘ausgeblasen'
1233 3870 1285 3925 wie

727 3944 752 4004 6,
772 3943 797 3991 8.
817 3943 859 4006 22,
880 3943 908 4005 8,
932 3937 993 3992 hier
1010 3940 1227 4009 ungewbhnlieh
1245 3940 1284 3995 im

727 4008 811 4062 Sinna
829 4025 885 4063 von
897 4010 1016 4077 incitati,
1035 4011 1216 4079 1535555514,
1234 4013 1285 4066 wir

726 4096 811 4149 sagen
830 4096 927 4149 wagan
945 4096 1016 4134 vano
1034 4084 1134 4136 nuntio
1155 4080 1220 4136 ‘irre
1236 4099 1284 4152 ge-

725 4152 827 4218 leitet',
845 4151 902 4220 vgl.
919 4150 1027 4220 6,11,6
1046 4152 1088 4206 bis
1107 4154 1284 4220 opinionibus

725 4224 823 4290 inflato
842 4223 946 4290 anime,
970 4223 1007 4277 ad
1025 4223 1074 4276 boc
1092 4225 1158 4278 uitio
1181 4241 1285 4294 qnoque

725 4293 831 4363 inqenii
848 4295 982 4348 camaena
1001 4298 1026 4348 et
1043 4295 1176 4363 inpotens.

756 4365 949 4489 praesentius}
965 4363 1155 4422 ‘drohender'.

763 4442 790 4489 4.
815 4436 928 4508 511155
963 4434 1194 4498 551ἂ535,555
1201 4434 1245 4483 'xn
1257 4432 1314 4479 bez
