2888 4800
184 250 227 315 26
534 249 644 305 cisse
662 248 775 303 xxnu
803 249 1005 305 eAP.14.1s.
1190 274 1210 302 ..
1229 275 1251 303 s
1270 274 1290 303 ο.
1309 265 1362 306 uo.

185 436 219 478 se
243 413 404 497 extemplo
427 412 565 476 liberum
589 412 751 476 iussurum
775 433 859 494 esse3
883 410 939 495 qui
956 411 1028 476 loeo
1048 411 1210 494 cessisset,
1233 411 1268 476 in
1287 433 1364 476 eum

147 502 294 568 sserwili
326 500 486 585 supplicio
520 499 831 584 animadversurum
864 521 957 564 suam
990 499 1103 583 cuique
1136 499 1302 564 fortunam
1325 501 1365 565 in

184 612 283 654 manu
316 611 394 654 esse.
430 588 591 653 libertatis
624 593 788 653 auctorem
820 589 866 652 eis
898 610 966 652 non
994 609 1028 652 se
1055 588 1125 652 fore
1154 589 1273 672 solum,
1305 589 1365 654 sed

185 679 351 744 consulem
373 675 416 741 M.
439 677 642 760 Marcellum,
666 677 722 741 sed
745 677 911 742 universos
935 679 1059 760 patres,
1091 699 1171 761 quos
1195 678 1364 742 consultos

148 768 227 834 sab
255 789 289 832 se
319 766 358 831 de
388 767 537 830 libertate
565 787 676 829 eorum
709 766 772 830 sibi
804 765 998 848 permisisse.
1034 765 1159 830 litteras
1188 765 1263 829 inde
1287 787 1364 830 eon-

186 856 265 920 sulis
288 877 326 919 ac
349 858 480 919 senatus
504 854 686 919 consultum
708 854 865 919 recitavit.
903 853 943 918 ad
966 875 1048 937 quse
1071 854 1194 918 elamor
1217 876 1290 918 cum
1313 855 1364 918 in-
1404 866 1408 874 ’

186 945 275 1029 genti
299 943 437 1008 adsensu
462 946 511 1007 est
534 943 691 1007 sublatus.
728 964 872 1027 pugnam
895 941 1086 1026 poscebant,
1111 943 1303 1027 signumque
1326 947 1366 1007 ut

132 1049 166 1098 10
185 1033 279 1097 daret
301 1033 464 1115 extemplo
487 1031 636 1096 ferociter
659 1031 837 1096 instabant.
874 1029 1038 1096 Gracchus
1061 1031 1185 1114 proelio
1204 1031 1238 1095 in
1256 1034 1364 1115 poste-

185 1144 258 1186 rum
282 1121 366 1185 diem
389 1121 602 1204 pronuntiato
622 1121 807 1184 contionem
825 1120 956 1184 dimisit.
992 1119 1111 1183 milites
1131 1119 1219 1198 laeti,
1242 1120 1365 1203 praeci·

185 1231 249 1293 pue
277 1210 393 1293 quibus
421 1230 543 1273 merces
566 1214 704 1272 navatae
727 1209 762 1272 in
785 1230 885 1272 uuum
910 1207 994 1272 diem
1018 1229 1134 1292 operae
1157 1207 1292 1272 libertas
1317 1208 1367 1272 fu-

186 1303 260 1362 tura
283 1302 365 1381 erut,
389 1298 487 1362 armis
511 1297 716 1380 expediendis
741 1296 827 1381 quod
845 1296 978 1361 relicum
998 1302 1066 1360 erut
1081 1298 1144 1362 diei
1162 1299 1367 1362 consumunt.

134 1387 177 1452 15
187 1391 320 1470 postero
344 1387 395 1450 die
418 1386 474 1450 ubi
498 1385 592 1470 signa
616 1390 790 1470 coeperunt
813 1407 942 1469 canere,
969 1385 1066 1468 primi
1090 1386 1234 1449 omnium
1256 1386 1367 1468 parati

186 1475 401 1559 instructique
428 1474 470 1538 ed
493 1474 690 1556 praetorium
714 1474 919 1539 conveniunt.
957 1475 1024 1540 sole
1048 1477 1119 1538 orto
1143 1473 1307 1539 Gracchus
1330 1475 1366 1537 in

187 1565 290 1628 aciem
322 1563 432 1647 copias
465 1562 584 1646 educit3
616 1584 675 1628 nec
708 1563 818 1628 hostes
850 1584 975 1626 moram
1005 1562 1180 1627 dimicandi
1208 1562 1366 1627 fecerunt.

149 1652 298 1717 ndecem
331 1655 454 1736 septem
482 1651 573 1715 milia
595 1649 740 1734 peditum
764 1655 869 1732 erant,
902 1651 1045 1715 maxima
1068 1672 1107 1714 ex
1129 1654 1220 1735 parte
1242 1650 1368 1715 Bruttii

187 1761 225 1804 ac
247 1739 384 1822 Lucani,
416 1739 540 1823 equites
568 1739 657 1802 mille
689 1739 831 1824 ducenti,
862 1741 947 1804 inter
970 1761 1050 1823 quos
1073 1740 1169 1823 pauci
1192 1738 1367 1804 admodum

149 1827 308 1911 eItalici,
340 1829 440 1892 ceteri
466 1826 626 1892 Numidae
659 1828 727 1893 fere
755 1850 868 1893 omnes
891 1828 1072 1913 Maurique.
1107 1833 1288 1913 pugnatum
1316 1830 1367 1891 est

188 1920 221 1981 et
249 1917 366 1981 acriter
393 1920 425 1980 et
453 1916 522 1999 diu3
555 1920 709 2000 quattuor
736 1917 825 1982 horis
855 1920 971 1982 neutro
990 1917 1152 1982 inclinata
1175 1920 1225 1980 est
1247 1936 1366 2000 pugna

186 2027 246 2070 nec
269 2005 334 2070 alia
357 2004 462 2090 magis
481 2004 666 2070 Romanum
689 2005 888 2091 impediebat
910 2028 961 2070 res
981 2027 1077 2090 quam
1097 2006 1205 2089 capita
1222 2005 1366 2068 hostium

150 2110 170 2158 4
188 2094 294 2177 pretia
308 2094 469 2158 libertatis
483 2094 584 2161 facta:
607 2116 685 2158 nam
699 2097 736 2158 ut
750 2095 884 2179 quisque
903 2095 1032 2158 hostem
1050 2095 1177 2178 inpigre
1196 2093 1366 2177 occiderat,

225 2292 250 2340 7.
275 2287 416 2340 iussurum
438 2285 502 2355 esse]
526 2287 619 2340 iubere
642 2287 748 2352 bellurn,
802 2285 836 2339 L.
853 2285 1011 2354 Papirium,
1029 2287 1076 2340 sed
1089 2287 1224 2352 tridentes,
1240 2286 1286 2340 sed
1294 2302 1366 2354 pra·

188 2358 271 2425 leyen
284 2375 311 2410 u.
321 2372 346 2410 a.
364 2355 527 2410 bezeichnet
545 2356 590 2410 die
603 2356 748 2411 Entschei-
802 2372 866 2410 uum
882 2357 982 2425 populi
999 2357 1134 2412 iudicium
1148 2362 1272 2425 posteros
1285 2373 1366 2411 occu

188 2427 266 2496 dung
280 2427 328 2481 des
339 2428 472 2495 populum
486 2427 547 2481 hier
562 2427 651 2481 wthlt
664 2426 749 2481 Grac·
803 2433 919 2481 saturos.

189 2498 257 2552 chus
291 2497 385 2551 diesen
413 2497 574 2551 feierlichen
602 2497 750 2552 Ausdruck
839 2499 917 2569 quos]
938 2522 972 2543 =
989 2515 1055 2552 num
1074 2514 1132 2565 eos;
1151 2499 1251 2554 eberiso
1270 2504 1313 2566 26,
1332 2502 1364 2551 11

189 2569 261 2622 statt
282 2568 360 2634 uelle,
383 2567 447 2621 weil
466 2584 495 2621 er
513 2568 559 2622 bei
578 2569 627 2623 der
649 2569 747 2623 bever·
804 2587 823 2623 a
841 2586 903 2637 qua.

189 2638 344 2693 stehenden
362 2638 514 2708 Handlung
536 2639 586 2694 der
607 2640 751 2711 Vertreter
841 2647 866 2694 9.
884 2642 922 2695 ad
934 2641 1017 2712 quae]
1028 2641 1118 2697 udoft
1126 2642 1171 2697 die
1181 2641 1366 2696 6666666766-

188 2711 237 2764 des
260 2709 458 2764 Volkswillens
480 2710 530 2776 ist;
558 2711 691 2782 fibrigens
713 2710 752 2765 ist
779 2763 781 2765 .
804 2712 956 2782 anlassung
974 2713 1170 2768 ausdruclrand
1188 2739 1222 2758 =
1243 2712 1310 2766 ‘aui
1324 2713 1366 2766 et-

188 2797 242 2835 esse
265 2799 299 2836 zu
322 2782 437 2836 liberum
459 2800 494 2836 zu
518 2787 668 2854 ergtnzen,
693 2783 750 2853 vgl.
804 2801 862 2838 was
880 2783 939 2852 hin,
958 2784 1025 2852 bei';
1045 2800 1076 2839 so
1090 2791 1133 2851 30,
1149 2790 1174 2839 5.
1188 2790 1232 2853 31,
1243 2790 1269 2838 4.
1286 2788 1330 2849 37,
1342 2789 1367 2840 1.

190 2858 232 2918 16,
252 2858 277 2908 9.
842 2861 882 2910 10.
912 2855 1086 2926 consumunt]
1111 2855 1217 2910 Constr.
1241 2855 1294 2909 wie
1319 2851 1381 2922 css

225 2924 282 2978 loco
305 2924 434 2995 ressidet]
460 2926 534 2980 loeus
556 2926 595 2980 ist
618 2927 663 2980 die
686 2926 751 2980 dem
805 2932 848 2994 37,
869 2931 883 2980 7
908 2942 985 2980 omne
1002 2928 1067 2981 inde
1085 2932 1189 2995 tempus
1209 2926 1367 2980 muniendis

189 2994 333 3049 einzelnen
379 2995 513 3050 Soldaten
559 2997 750 3066 angewiesene
804 2997 903 3051 castris
925 2997 1153 3063 conuehendisque
1176 2997 1369 3050 commatibus

189 3064 319 3134 Stellung
336 3065 366 3118 in
386 3066 434 3118 der
454 3065 665 3120 Seblachtreihe
684 3067 751 3120 oder
805 3066 987 3133 consumpsit;
1010 3065 1112 3119 ebenso
1136 3065 1205 3117 wird
1228 3067 1368 3120 absumere

188 3136 238 3189 der
256 3135 358 3190 Posten
380 3134 551 3203 fiberhaupt‚
575 3136 701 3191 welches
720 3153 750 3189 er
803 3135 959 3206 gebraucht
976 3135 1031 3203 (20,
1054 3134 1105 3202 14).

188 3207 261 3258 ohne
288 3205 403 3258 hochste
428 3204 556 3260 Schande
583 3208 640 3260 und
668 3207 749 3260 harte
840 3204 970 3260 15—16.
1000 3204 1164 3259 Schlacht
1188 3203 1243 3259 bei
1261 3204 1367 3260 Bene-

189 3274 280 3328 Strale
302 3274 384 3328 nicht
405 3274 573 3343 preisgeben
595 3277 661 3331 derl
681 3279 750 3345 (loco
803 3276 887 3332 vent.
925 3275 986 3330 Die
1010 3275 1159 3330 Shlaven
1181 3276 1256 3331 frei.
1294 3274 1368 3331 Sie-

189 3346 293 3412 eederr,
322 3346 410 3401 locun
434 3347 566 3415 deserere,
594 3346 750 3416 (legensatz
804 3345 964 3416 gesjubel
981 3346 1015 3400 in
1034 3346 1217 3402 Benevent.

188 3417 220 3470 in
238 3417 298 3470 loco
316 3433 440 3482 munna
463 3421 506 3485 37,
525 3424 542 3470 4
560 3435 609 3472 nee
627 3420 683 3473 loco
701 3434 750 3472 suo
841 3423 866 3471 1.
884 3419 966 3486 sinna
984 3434 1005 3473 e.
1025 3418 1132 3488 caune]
1154 3418 1314 3484 ‘ertonen’3
1335 3434 1365 3473 so

188 3489 265 3542 nutes
283 3488 463 3556 abscedebat);
482 3488 570 3543 daher
588 3493 652 3560 sagt
668 3489 750 3544 Pina·
805 3490 865 3555 (46,
888 3491 916 3557 2)
943 3489 1011 3543 oder
1032 3491 1114 3558 uque
1138 3491 1287 3543 concinunt
1309 3488 1366 3556 (30,

187 3559 246 3613 rius
277 3575 334 3613 ron
362 3558 467 3614 seinem
495 3560 677 3630 Standpunkt
707 3561 749 3614 als
804 3565 829 3625 5,
848 3560 876 3628 2)
900 3559 988 3614 heisst
1011 3578 1039 3616 es
1063 3560 1109 3614 bei
1127 3559 1158 3614 L.
1184 3560 1238 3628 oft3
1267 3558 1367 3615 andeis

184 3631 342 3700 praefectus
360 3635 403 3699 37,
422 3636 451 3685 9:
465 3633 608 3699 praesidio
627 3633 750 3687 decedere
803 3631 842 3685 ist
860 3637 908 3700 46,
927 3639 944 3686 6
967 3648 1063 3686 canno
1088 3631 1214 3686 ‘blesen'
1233 3631 1368 3700 (n'dmlieh

189 3702 268 3768 apud
280 3700 420 3755 Romanos
433 3703 539 3769 capital
551 3708 598 3770 est,
616 3703 675 3756 und
690 3701 750 3756 Sal·
806 3705 912 3771 cornu).

188 3771 248 3824 lust
265 3770 327 3825 lobt
344 3788 380 3824 un
394 3770 449 3825 den
463 3771 598 3837 Soldaten
612 3774 662 3827 des
676 3773 750 3827 Gati-
836 3775 926 3841 primi
956 3774 1044 3844 cono]
1077 3790 1135 3827 wer
1167 3773 1242 3828 diese
1274 3774 1367 3827 ersten

188 3841 248 3895 linc
275 3839 315 3908 (0.
344 3847 391 3908 61,
420 3844 447 3911 2)
479 3842 508 3896 in
536 3842 598 3897 der⁴
618 3843 752 3898 Schlacht
804 3860 907 3911 waren,
927 3844 1037 3913 ergiebt
1053 3843 1103 3897 der
1117 3843 1366 3908 Zusammenhang.

189 3912 237 3966 bei
263 3911 396 3966 Pistoris:
426 3929 503 3982 quern
530 3915 644 3983 quisque
673 3916 752 3969 uiuus
837 3916 937 3981 parati
954 3915 1146 3986 instructique]
1175 3914 1236 3969 eine
1255 3910 1367 3978 hdufige

188 3983 438 4053 puynuudolocun
451 3990 566 4053 reperet,
579 3986 751 4041 cunemine
804 3984 1001 4054 Verbindung;
1021 4003 1041 4039 s.
1061 3991 1105 4052 37,
1123 3991 1148 4040 4.
1167 3991 1211 4052 46,
1232 3988 1256 4036 6.

192 4056 287 4108 anima
305 4070 415 4123 corpore
433 4056 543 4123 tepebat.
841 4062 867 4109 2.
886 4056 973 4110 decern
986 4056 1096 4127 septen]
1108 4057 1270 4126 vglseptern
1279 4051 1367 4105 decern

227 4126 320 4178 seretti
337 4125 484 4196 supplicio]
509 4127 636 4182 werdae
657 4127 750 4183 Leben
805 4133 900 4194 4e,1,
923 4126 1013 4180 woffir
1031 4126 1061 4180 L.
1085 4128 1163 4181 sonst
1185 4123 1257 4177 auch
1279 4123 1367 4176 deceni

192 4195 333 4263 verwirkt,
353 4211 383 4250 so
398 4197 492 4250 wurde
507 4196 557 4251 der
570 4197 639 4253 freie
650 4199 753 4254 Romen
806 4203 831 4252 et
848 4202 947 4265 septem
964 4200 1034 4268 segt,
1053 4216 1075 4252 z.
1086 4197 1117 4253 B.
1136 4193 1182 4261 28,
1196 4199 1223 4262 4,
1240 4199 1256 4247 6
1279 4193 1367 4247 decern

192 4265 246 4320 mit
273 4266 338 4320 dem
365 4267 442 4322 Beile
469 4267 671 4338 hingerichtet‚
704 4269 753 4323 der
806 4273 831 4322 et
847 4273 945 4337 septen
958 4285 1053 4334 naues,
1072 4265 1129 4321 und
1143 4264 1263 4318 seltener
1275 4263 1306 4316 iu
1320 4282 1366 4317 zu-

193 4337 296 4392 861676
316 4355 352 4391 an
370 4338 420 4392 das
435 4339 525 4393 Kieuu
543 4341 722 4409 geschlagen.
807 4354 1087 4409 sammengezogener
1113 4335 1198 4389 Form
1225 4335 1367 4404 septemde-

224 4412 249 4460 8.
282 4410 332 4462 sed
352 4439 382 4448 -
401 4409 460 4480 sed]
482 4410 536 4465 wie
555 4410 581 4479 8,
601 4417 644 4481 34,
665 4416 680 4465 7
697 4426 754 4502 non
808 4411 860 4464 cim
879 4409 936 4478 (23,
955 4416 999 4477 67,
1019 4411 1055 4465 el.
