2888 4800
110 280 135 310 a.
154 269 204 312 ca.
223 281 245 308 n.
264 234 311 309 2114.
524 211 633 308 ciana
651 253 765 308 xxmr.
786 252 863 309 oar.
883 259 927 308 ιι.
1246 255 1290 320 43

112 417 191 482 dum
214 417 314 500 regiis
338 416 508 499 stipendiis
532 419 645 499 pastus
670 416 894 480 obversaretur
916 417 1024 501 miles,
1048 417 1125 481 dum
1143 417 1184 480 ab
1203 416 1295 481 Han-

115 506 225 570 nibale
244 505 337 570 missi
356 504 453 569 duces
472 505 599 569 adsueti
617 504 775 569 militibus
793 504 902 568 iuvare
916 510 1050 588 possent
1063 507 1203 590 incepta,
1221 527 1294 570 cum

111 594 295 675 Themisto,
319 593 371 658 cui
395 592 527 657 Gelonis
550 594 618 656 filia
640 597 743 676 nupta
767 597 850 676 erat,
882 615 950 657 rem
974 595 1196 659 consociatam
1218 615 1296 677 pou·

111 704 169 748 cos
196 687 273 767 post
299 682 368 746 dies
392 682 541 746 Aristoni
570 681 695 746 cuidam
723 682 849 766 tragico
878 683 991 764 actori,
1024 685 1075 747 cui
1103 687 1136 746 et
1158 683 1223 746 alia
1246 704 1295 746 ar-

112 793 196 836 cana
229 771 430 836 committere
464 771 627 853 adsuerat,
659 770 790 834 incaute
823 771 935 853 aperit.
980 770 1056 834 huic
1079 774 1112 834 et
1135 792 1237 856 genus
1261 776 1329 837 eta

115 860 248 924 fortuna
275 859 414 923 honesta
442 862 548 941 erant,
574 880 633 924 neo
657 881 723 942 ars,
751 858 828 942 quia
850 858 932 922 nihil
954 859 1020 923 tale
1044 859 1129 943 apud
1153 857 1294 925 Graecos

115 949 233 1031 pudori
256 950 319 1030 est,
343 969 382 1011 ea
405 947 616 1012 deformabat
662 948 772 1031 itaque
795 946 890 1010 fidem
907 949 1047 1030 priorem
1069 948 1294 1031 potioremque

113 1041 206 1101 ratus
243 1057 341 1119 quam
373 1036 499 1117 patriae
534 1035 686 1118 debebat,
724 1035 880 1100 indicium
912 1036 952 1100 ad
984 1041 1150 1120 praetores
1183 1035 1295 1100 defert.

112 1126 186 1210 qui,
208 1125 266 1188 ubi
289 1146 358 1188 rem
380 1123 468 1188 haud
487 1146 605 1188 vanam
625 1146 695 1188 esse
714 1124 809 1188 certis
828 1124 956 1188 indiciis
976 1129 1198 1208 conpererant,
1214 1145 1294 1189 con·
1313 1143 1331 1190 4

115 1213 211 1278 sultis
236 1212 415 1277 senioribus
439 1216 471 1276 et
495 1213 688 1276 auctoritate
712 1233 822 1276 eorum
840 1213 1002 1296 praesidio
1021 1213 1062 1277 ad
1081 1214 1168 1277 fores
1186 1213 1293 1296 posito

113 1302 282 1386 ingressos
301 1301 424 1364 curiam
439 1300 755 1384 Themistum'atque
770 1301 1041 1367 Andranodorum
1055 1301 1295 1366 interfecerunt.

114 1395 147 1455 et
171 1412 245 1453 cum
267 1390 427 1453 tumultus
452 1389 492 1452 ab
515 1411 550 1453 re
569 1390 603 1453 in
622 1390 761 1472 speciem
781 1391 940 1454 atrociore
959 1412 1091 1455 causam
1111 1391 1183 1454 aliis
1201 1390 1329 1474 igno-5

113 1479 260 1543 rantibus
285 1480 374 1543 ortus
399 1481 498 1561 esset,
532 1478 662 1542 silentio
685 1477 817 1542 tandem
840 1477 927 1543 facto
951 1478 1091 1544 indicem
1113 1480 1147 1542 in
1172 1478 1295 1542 curiam

113 1567 372 1632 introduxerunt.
418 1566 575 1650 quicum
603 1566 714 1629 ordine
738 1566 848 1630 omnia
871 1566 1065 1650 edocuisset,
1097 1566 1294 1650 principium
1313 1585 1330 1634 6

111 1655 346 1721 coniurationis
369 1653 492 1718 factum
516 1653 557 1717 ab
580 1653 779 1718 Harmoniae
799 1653 931 1718 Gelonis
953 1655 1040 1718 filiae
1064 1656 1201 1738 nuptiis,
1224 1656 1293 1738 qui·

113 1744 175 1807 bus
190 1742 358 1806 Themisto
381 1743 492 1806 iuncta
515 1745 616 1824 esset,
640 1741 795 1806 Afrorum
809 1740 1095 1827 Hispanorumque
1119 1744 1328 1812 auxiliares?

114 1833 291 1896 instructos
316 1830 357 1893 ad
380 1830 510 1894 caedem
533 1833 719 1912 praetorum
742 1830 989 1915 principumque
1014 1832 1164 1914 aliorum,
1194 1833 1293 1896 bona-

113 1923 175 2004 que
204 1940 316 1984 eorum
344 1919 481 2001 praedae
509 1918 620 1982 futura
649 1919 912 1984 interfectoribus
934 1921 1195 2004 pronuntiatum,
1228 1922 1329 1988 iama

113 2007 410 2072 mercennariorum
437 2029 570 2071 manum
594 2006 761 2071 adsuetam
783 2008 927 2091 imperiis
950 2008 1178 2072 Andranodori
1200 2030 1294 2091 para-

112 2100 181 2160 tam
214 2097 313 2160 fuisse
348 2094 389 2158 ad
420 2095 566 2159 insulam
598 2117 709 2160 rursus
743 2096 974 2181 occupandam3
1009 2097 1138 2181 singula
1171 2096 1294 2180 deinde,

114 2207 195 2270 quae
218 2206 276 2268 per
300 2205 444 2268 quosque
468 2186 654 2269 agerentur,
678 2188 846 2268 totamque
869 2185 947 2249 viris
972 2186 1134 2269 armisque
1157 2186 1293 2249 instruc-

111 2278 180 2338 tam
205 2274 462 2339 coniurationem
486 2275 562 2338 ante
586 2273 696 2338 oculos
719 2274 838 2356 posuit.
876 2277 908 2337 et
931 2275 1058 2339 senatui
1077 2274 1206 2358 quidem
1224 2277 1293 2337 tam

112 2499 174 2554 eine
208 2500 359 2568 gesetalioh
386 2499 539 2569 geordnete
568 2500 676 2554 Staats-
730 2499 800 2567 lioh,
820 2501 887 2554 aber
905 2501 1054 2555 schoinbar
1072 2501 1144 2556 noch
1164 2453 1294 2556 schram·-

113 2569 186 2624 f⁰rm
204 2570 348 2639 ssflbfflchi·
729 2570 828 2639 licher,
847 2571 889 2625 als
907 2570 946 2625 sie
965 2589 995 2625 es
1013 2574 1096 2626 unter
1115 2572 1169 2625 den
1188 2571 1294 2626 obwal·

145 2658 257 2727 pastas]
277 2657 316 2710 im
335 2657 441 2711 Munde
460 2657 510 2711 der
523 2657 678 2713 Damarata
729 2640 834 2695 tenden
846 2642 1060 2696 Verhtltnissen
1078 2642 1208 2697 wirlrlich
1226 2660 1293 2696 war.

113 2728 290 2784 verbsshffissh
310 2752 343 2772 =
364 2727 534 2796 ‘Seffibltrl'·
768 2752 792 2800 8.
825 2747 894 2799 ciris
926 2746 1073 2816 armisque]
1108 2747 1172 2800 ‘mit
1203 2747 1294 2801 voller

148 2816 347 2886 obversaretur]
367 2833 388 2872 s.
407 2834 441 2869 zu
460 2821 503 2884 23,
523 2822 548 2870 t.
731 2815 942 2885 Kriegsmaoht‚
960 2817 1014 2870 mit
1028 2817 1103 2870 allen
1117 2816 1293 2871 Gewaltmit·

149 2912 174 2960 3.
193 2905 322 3028 fortuna?
344 2904 537 2973 ‘Vermdgen',
551 2904 678 2974 htufiger
731 2886 812 2940 teln'.
835 2886 887 2940 Die
901 2886 962 2968 hier
975 2887 1159 2955 angewandtc
1170 2887 1294 2969 Redens-

114 2995 146 3032 ⁸0
164 2977 204 3031 im
223 2977 327 3031 Plura,
732 2958 777 3011 art
818 2958 958 3011 erachernt
1000 2958 1073 3011 auch
1115 2958 1295 3025 asyndetrsch

147 3064 271 3135 Maesta]
291 3063 392 3134 gehbrt
411 3062 631 3145 cigentlichnur
644 3082 677 3117 zu

111 3153 209 3206 penus,
238 3135 312 3190 doch
334 3151 421 3204 sagon
443 3135 515 3188 auch
538 3153 590 3217 wir
612 3137 677 3202 (we-

112 3209 238 3278 nigstens
256 3207 296 3260 im
313 3204 532 3287 Gesprtchston)
552 3222 597 3260 em
617 3206 676 3259 ‘an-

113 3278 266 3347 sttndigcs'
288 3277 320 3332 V.
341 3301 375 3321 =
394 3277 588 3331 ansehnhches
606 3277 640 3332 V.

111 3431 115 3436 ⁵
149 3367 225 3435 apud
244 3364 374 3436 Graecos]
398 3365 443 3419 die
466 3365 569 3420 Rumor
592 3365 675 3419 dach·

113 3436 211 3492 tanin
230 3435 334 3490 diesem
353 3436 463 3490 Punkte
481 3436 589 3490 anders.

144 3526 227 3594 prior
247 3523 401 3593 potiorque]
428 3523 491 3576 sind
510 3523 553 3578 ott
569 3539 626 3576 von
643 3523 674 3576 L.

112 3593 401 3663 zusammengeatellt,
425 3594 498 3647 auch
515 3593 556 3646 im
575 3594 676 3663 Super—

114 3666 193 3735 lativ,
213 3685 233 3718 s.
254 3664 303 3718 das
321 3663 446 3733 Beispiel
465 3681 500 3717 zu
518 3668 533 3729 ς
553 3669 578 3718 2.

149 3762 175 3809 4.
193 3753 277 3824 fores]
298 3753 382 3808 ntml.
402 3753 503 3808 carsiae.

150 3848 176 3898 ὅ.
204 3843 238 3896 ab
263 3841 304 3912 re]
340 3843 374 3896 ot
400 3842 502 3897 dn‘ickt
526 3843 581 3897 den
605 3841 677 3897 Aus-

113 3931 202 3987 gangs
225 3912 297 3967 unkt
328 3915 405 3996 einer
433 3913 585 3983 Handlung
617 3930 676 3980 aus,

112 3989 171 4115 ta
194 3984 352 4125 ,utu
365 3985 677 4138 {adstruant

113 4149 135 4187 a.
154 4129 185 4182 Β.
205 4133 253 4196 30,
274 4133 287 4181 1
313 4127 347 4181 ab
366 4144 413 4181 ara
431 4126 531 4196 (wofdr
573 4167 579 4180 .
598 4127 679 4210 recht

112 4200 209 4327 llil
225 4199 677 4338 ratrauattra:

113 4343 202 4413 gnng'
222 4341 280 4395 und
298 4343 386 4422 sonat.

148 4411 292 4482 atrociore]
310 4411 356 4465 dre
371 4409 461 4466 Socha
474 4426 533 4465 war
547 4409 675 4468 schreck·

731 3028 800 3098 (vgl.
819 3034 862 3095 21,
883 3031 940 3096 10),
964 3028 1037 3083 doch
1055 3027 1101 3082 bei
1120 3028 1150 3082 L.
1168 3028 1225 3084 fast
1241 3028 1294 3082 im·

730 3115 791 3153 mor
809 3099 983 3167 verbunden,
1007 3099 1058 3154 wie
1077 3098 1123 3166 28,
1142 3105 1187 3167 30,
1198 3105 1221 3154 ·6
1247 3117 1295 3154 ar·

730 3172 782 3224 mis
799 3171 928 3239 virisque.
965 3170 1058 3254 2111,
1074 3174 1090 3223 8
1110 3187 1190 3238 equos
1208 3172 1294 3254 ciros·

730 3240 943 3382 biiigdddeiii'
962 3247 1294 3382 iagvdrilsicitsqddetsaardiyid:

730 3382 838 3437 detisch
857 3385 951 3448 armis,
965 3385 1049 3452 equis,
1062 3384 1140 3449 viris,
1158 3401 1295 3453 wogegen

730 3454 761 3507 L.
790 3453 907 3522 23,15,
938 3458 971 3506 13
997 3453 1054 3506 und
1078 3452 1129 3517 26,
1148 3460 1178 3522 5,
1198 3461 1214 3509 9
1237 3456 1295 3508 viri

730 3524 792 3593 equi
824 3540 954 3592 armoque
982 3525 1053 3592 sagt.
1099 3524 1179 3577 Nach
1202 3524 1295 3579 dieser

730 3592 868 3662 Analogia
881 3593 1009 3663 gebildet
1028 3593 1105 3647 lesen
1118 3593 1170 3647 wir
1184 3595 1230 3663 10,
1252 3601 1295 3661 16,

731 3671 747 3720 8
772 3665 923 3749 arratam,
944 3665 1109 3718 instructam
1134 3666 1220 3719 armis
1244 3665 1295 3719 sti-

725 3735 1295 3876 ddirdditiciiiiddgiirriiifidiiafpicuiiddi

730 3878 777 3946 30,
797 3884 839 3945 11,
859 3883 876 3932 4
899 3894 989 3947 equor,
1008 3894 1095 3944 arma,
1114 3879 1176 3933 tela.
1213 3878 1294 3933 Vier-

730 3948 869 4018 gliederig
894 3948 940 4018 22,
965 3955 1009 4016 39,
1030 3954 1062 4002 11
1090 3951 1187 4017 armis,
1217 3951 1295 4014 ciris,

730 4021 819 4089 equis,
844 4020 1166 4084 commentariorum
1193 4020 1295 4074 andera

731 4091 835 4216 312ιῖ
853 4091 1213 4217 ttttatwtalttlml
1226 4106 1295 4144 Μ’·

767 4268 896 4351 quosque]
928 4269 966 4322 ist
992 4267 1073 4322 nicht
1098 4285 1155 4322 von
1181 4269 1295 4361 qunque
1325 4309 1328 4314 -

731 4339 994 4482 abdtfflfil-tedliidcad
1006 4429 1035 4463 a.
1048 4427 1092 4461 au
1102 4415 1158 4473 215,
1168 4414 1202 4458 x.
