2888 4800
111 279 134 309 s.
153 267 202 309 om.
221 278 243 306 n.
261 267 308 306 ars.
505 249 614 304 LIBER
627 247 737 302 XXIIII.
758 247 834 303 CAP.
851 251 892 302 35.
912 253 953 301 36.
1240 243 1281 308 61

113 416 216 481 fectus
248 399 497 498 Carthaginem
512 412 702 495 adiutusque
731 410 777 476 ibi
801 414 834 474 et
861 410 901 473 ah
929 410 1046 494 legatis
1074 408 1282 492 Hippocratis

110 509 147 570 et
177 505 293 568 litteris
316 501 525 586 Hannibalis,
558 501 612 586 qui
639 502 765 564 venisse
793 503 920 582 tempus
945 499 1053 562 aiebat
1076 495 1205 562 Siciliae
1227 519 1284 582 per
1392 524 1395 531 ¹

112 614 274 658 summum
307 591 402 656 decus
424 591 629 674 repetendae,
662 589 785 672 etipse
807 588 894 652 haud
916 610 1017 651 vanus
1040 608 1192 671 praesens
1216 601 1320 650 mot

112 682 201 746 nitor
229 680 324 745 facile
351 680 548 764 perpulerat,
581 684 618 743 ut
645 681 784 762 quantae
808 676 965 741 maximae
987 679 1119 760 possent
1141 675 1284 758 pediturn

111 771 320 853 equitumque
353 769 464 852 copiae
494 769 528 832 in
551 765 695 832 Siciliam
722 767 941 830 traicerentur.
987 765 1160 829 adveniens
1182 763 1319 829 Hera-6
1384 821 1386 824 ι

111 859 211 923 oliam
239 858 326 921 intra
353 879 472 941 paucos
500 856 574 921 inde
598 856 665 920 dies
688 855 906 940 Agrigentum
929 854 1063 938 recepit3
1087 852 1285 937 aliarumque

112 947 311 1029 civitatium,
335 966 416 1030 quae
439 946 541 1029 partis
565 943 882 1030 Carthaginiensium
905 946 1011 1026 erant,
1035 943 1113 1007 adeo
1133 962 1285 1006 accensae

116 1039 192 1100 sunt
221 1056 294 1120 spes
324 1035 365 1098 ad
394 1034 560 1118 pellendos
584 1032 695 1098 Sicilia
722 1033 898 1116 Romanos,
928 1035 965 1096 ut
994 1036 1157 1116 postremo
1188 1030 1284 1094 etiam

115 1124 172 1209 qui
196 1123 426 1188 obsidebantur
441 1121 609 1207 Syracusis
633 1123 759 1187 animos
782 1122 978 1186 sustulerint.
1015 1124 1047 1185 et
1069 1124 1161 1205 parte
1179 1120 1319 1202 copia-7

115 1234 188 1277 rum
216 1212 295 1278 satis
326 1211 453 1276 defendi
481 1212 592 1276 urbem
620 1233 714 1296 posse
737 1211 800 1275 rati
822 1210 870 1275 ita
892 1211 975 1274 inter
998 1231 1032 1274 se
1056 1230 1188 1273 munera
1210 1208 1287 1271 belli

113 1301 227 1385 partiti
246 1304 338 1382 sunt,
357 1305 394 1364 ut
408 1299 568 1384 Epicydes
587 1302 750 1384 praeesset
769 1300 932 1364 custodiae
951 1299 1054 1382 urbis,
1072 1298 1286 1382 Hippocrates

115 1389 292 1454 Himilconi
314 1391 503 1454 coniunctus
526 1390 645 1454 bellum
670 1389 823 1453 adversus
846 1389 1009 1453 consulem
1028 1387 1211 1452 Romanum
1234 1407 1286 1471 ge·

117 1482 212 1543 reret.
250 1500 322 1542 cum
346 1479 455 1543 decem
473 1478 604 1542 milibus
622 1478 784 1562 peditum,
807 1477 992 1561 quingentis
1012 1477 1173 1561 equitibus
1192 1478 1286 1539 nocte
1305 1492 1321 1541 8

114 1589 173 1652 per
202 1566 389 1632 intermissa
418 1566 570 1631 custodiis
601 1567 673 1630 loca
702 1565 867 1650 profectus
898 1569 1004 1630 castra
1034 1567 1119 1630 circa
1148 1563 1286 1628 Acrillas

114 1656 228 1720 urbem
259 1655 412 1739 ponebat.
457 1655 677 1718 munientibus
708 1654 892 1737 supervenit
921 1653 1092 1719 Marcellus
1123 1654 1164 1718 ab
1192 1653 1321 1737 Agri-9

115 1748 215 1827 gento
242 1743 308 1806 iam
338 1746 508 1826 occupato,
538 1763 610 1806 cum
633 1742 754 1806 frustra
777 1764 815 1806 eo
838 1743 1026 1825 praevenire
1049 1743 1177 1808 hostem
1199 1742 1287 1807 festi·

116 1853 199 1896 nans
223 1831 426 1914 tetendisset,
447 1831 590 1911 rediens,
612 1831 696 1895 nihil
718 1832 825 1895 minus
845 1836 935 1896 ratus
954 1854 1051 1916 quam
1068 1833 1124 1897 illo
1142 1836 1287 1916 tempore

115 1941 155 1984 ac
182 1919 254 1984 loco
278 1917 516 2002 Syracusanum
545 1919 607 1984 sibi
635 1921 809 1984 exercitum
832 1921 962 1985 obvium
984 1921 1067 2005 fore3
1101 1922 1156 1985 sed
1178 1925 1288 1985 tamen
1307 1936 1341 1985 ιο

118 2011 208 2073 metu
221 2007 417 2071 Himilconis
431 2007 684 2092 Poenorumque,
703 2013 740 2073 ut
759 2009 875 2092 quihus
892 2031 1097 2094 nequaquam
1115 2011 1162 2073 eis
1177 2010 1289 2093 copiis,

119 2118 199 2180 quas
222 2096 377 2176 habebat,
400 2119 459 2180 par
482 2101 579 2180 esset,
602 2118 700 2180 quam
722 2100 851 2180 poterat
873 2099 1011 2162 maxime
1030 2099 1173 2163 intentus
1193 2101 1288 2182 atque

118 2186 248 2270 agmine
278 2184 318 2249 ad
341 2206 452 2249 omnes
476 2207 570 2251 casus
594 2187 771 2270 composito
795 2187 872 2251 ibat.
917 2187 1002 2251 forte
1025 2208 1063 2251 ea
1085 2208 1174 2270 cura,
1206 2208 1286 2269 quae
1298 2187 1341 2252 36

115 2274 269 2338 adversus
292 2272 418 2338 Poenos
451 2278 645 2359 praeparata
675 2280 758 2359 aot,
790 2274 944 2340 adversus
968 2273 1091 2340 Siculos
1119 2277 1191 2340 usui
1217 2275 1288 2340 fuit.

117 2363 233 2427 castris
256 2363 415 2445 ponendis
438 2364 671 2448 incompositos
696 2385 733 2428 ac
756 2363 918 2448 dispersos
941 2369 1079 2428 nanctus
1098 2386 1152 2429 eos
1172 2369 1205 2430 et
1222 2366 1289 2448 ple·

117 2471 234 2534 rosque
251 2451 401 2535 inermes,
425 2452 510 2536 quod
529 2453 673 2536 peditum
691 2453 762 2543 fuit,
781 2453 1003 2537 circumvenit3
1027 2475 1123 2538 eques
1142 2454 1205 2518 levi
1224 2475 1288 2519 cer·-

118 2541 242 2601 tamine
264 2539 346 2602 inito
370 2561 443 2603 curn
465 2539 665 2625 Hippocrate
687 2539 789 2605 Acras
813 2543 964 2627 perfugit.
1144 2600 1146 2604 ,

206 2624 256 2689 Ea
278 2647 388 2710 pugna
413 2627 594 2692 deficientes
618 2629 658 2693 ab
673 2629 830 2693 Romanis
850 2652 923 2693 cum
941 2631 1140 2695 cohibuisset
1153 2630 1287 2716 Siculos,
1307 2648 1322 2695 2

119 2712 292 2778 Marcellus
330 2711 505 2798 Syracusas
546 2716 660 2799 rediit3
705 2724 739 2780 et
777 2722 853 2800 post
888 2740 1007 2801 paucos
1045 2718 1112 2783 dies
1147 2720 1288 2784 Himilco

121 2802 272 2867 adiuncto
287 2800 486 2887 Hippocrate
509 2804 550 2868 ad
568 2804 687 2868 flumen
701 2804 867 2890 Anapum,
890 2810 962 2870 octo
981 2807 1081 2871 ferme
1099 2808 1173 2871 inde
1192 2808 1289 2891 milia,

154 3070 179 3120 5.
203 3066 279 3120 band
296 3082 386 3122 vanus
400 3082 531 3135 praesens
545 3066 676 3137 monitor]
767 3069 815 3125 36.
845 3076 868 3123 1.
892 3071 990 3124 castris
1003 3071 1151 3141 ponendis]
1171 3069 1208 3124 ist
1226 3087 1289 3124 oau-

119 3137 164 3191 die
188 3136 218 3190 in
241 3137 286 3192 die
304 3138 387 3193 Mitte
409 3138 540 3208 gestellte
558 3138 677 3208 Apposi·
732 3141 811 3209 salet,
827 3141 880 3210 eig.
895 3141 1037 3195 absolutor
1046 3140 1109 3196 Abl.
1126 3141 1166 3195 ‘in
1179 3141 1288 3211 Folge',

117 3207 178 3262 tion
197 3207 236 3263 ist
253 3210 447 3278 begriindend:
471 3209 516 3264 ein
538 3211 614 3265 haud
631 3227 678 3265 va·
731 3213 909 3267 verschieden
922 3229 977 3267 von
990 3214 1022 3266 iu
1036 3213 1133 3267 castris
1146 3230 1221 3282 pan,
1240 3213 1289 3268 ob·
1352 3214 1354 3218 '

118 3296 180 3346 nus,
202 3279 287 3334 ‘weil'
307 3297 435 3348 praesens
453 3282 578 3335 monitor.
731 3283 823 3351 gleich
851 3284 902 3337 wir
929 3285 1001 3338 auch
1024 3284 1104 3353 jenes
1132 3285 1186 3338 mit
1214 3284 1286 3339 ‘hei'

154 3355 273 3418 quantae
291 3352 437 3422 masinae]
457 3370 479 3406 s.
497 3370 531 3405 au
550 3358 593 3422 21,
612 3359 637 3409 4.
731 3355 892 3409 tibersetaen
919 3356 1042 3421 kdnnen3
1075 3372 1104 3410 so
1127 3355 1177 3422 25,
1205 3362 1287 3423 30,c

154 3427 179 3475 6.
199 3420 371 3493 Heracliam]
391 3441 412 3476 s.
431 3440 466 3476 zu
484 3429 527 3489 26,
548 3429 570 3476 1.
728 3426 858 3492 partibus
875 3426 1030 3479 diuidendis
1044 3428 1099 3494 ipsi
1112 3429 1186 3495 cepio
1203 3429 1290 3481 euenit

156 3497 179 3547 7.
199 3491 234 3561 et]
256 3492 323 3545 ‘und
347 3493 456 3558 daher';
474 3494 530 3562 vgl.
549 3493 595 3561 21,
609 3500 678 3563 24,3
733 3496 767 3548 ab
785 3495 923 3549 Arethusa
945 3499 1083 3565 usquead
1106 3498 1203 3551 ostium
1222 3514 1288 3565 por-

121 3562 247 3630 eontoqun‘
269 3578 296 3616 se
318 3579 378 3616 cuns
403 3564 460 3617 iilis
485 3565 561 3630 celte,
589 3571 614 3618 et
636 3567 680 3619 iiii
733 3570 784 3620 tus.
808 3564 854 3633 26,
874 3572 917 3634 48,
936 3572 952 3619 2
972 3569 1053 3634 (eum)
1072 3569 1206 3636 capienda
1224 3571 1290 3623 urbe

116 3635 235 3701 propius
253 3634 414 3687 accederent.
733 3641 840 3690 tantum
859 3638 961 3691 laboris
979 3639 1100 3692 adissent
1117 3639 1174 3692 und
1193 3638 1241 3693 oft.

157 3709 182 3759 8.
209 3705 365 3758 intermissa
383 3704 602 3775 custodiisioca]
625 3706 678 3760 wie

120 3780 207 3899 {123ss
215 3776 679 3903 ,fflglffinlgfflmmssffl
732 3814 1194 3884 feindlicherhbsichtnimmtoft,
1209 3834 1290 3872 wenn

171 3914 218 3984 u
731 3886 1344 3956 fi·

120 3987 402 4130 mzednridddlainwndcr
416 4061 497 4114 Nahe
510 4077 566 4115 von
580 4062 677 4117 Acrae.
732 4044 768 4082 ³¹¹
786 4028 853 4097 (Ψ
872 4034 915 4097 38²
936 4033 971 4096 1),
994 4049 1016 4084 Ζ·
1035 4030 1065 4086 Β·
1085 4030 1130 4096 22,
1150 4034 1175 4097 ⁸2
1198 4037 1210 4083 1
1232 4031 1291 4084 ‘ilia

156 4135 181 4184 9.
210 4129 256 4184 die
277 4130 370 4184 Vielen
388 4131 461 4186 Part,
484 4133 603 4186 machon
625 4133 679 4187 den
731 4101 880 4153 emetiatur
911 4102 1013 4166 clades,
1049 4107 1179 4169 quattuor
1211 4103 1291 4156 milia

121 4199 186 4254 sm
215 4202 404 4272 gchwerfgffig
430 4203 487 4256 ,md
515 4203 678 4271 fiberladem
732 4172 851 4239 equitum
870 4172 904 4225 ab
921 4171 1082 4226 Hannibale
1099 4173 1288 4228 arcumueuta.

121 4273 228 4326 rediens
240 4291 267 4328 u.
286 4275 422 4341 festinares
435 4274 596 4344 (concessis)
611 4292 679 4329 wer·
768 4283 792 4330 2.
809 4277 970 4349 deficientes]
983 4279 1008 4332 d.
1021 4278 1071 4330 ‘im
1081 4276 1176 4331 Abfall
1188 4277 1290 4346 begris·

121 4341 175 4395 den
189 4360 235 4398 am
249 4346 347 4401 besten
360 4346 447 4400 durch
458 4344 551 4400 Subst.
566 4345 680 4401 wieder·
732 4346 780 4402 fen
793 4348 874 4415 sein’;
893 4350 1066 4414 cohibuisset,
1084 4349 1137 4402 wie
1147 4349 1297 4412 diehclgs

122 4415 255 4482 gegeben.
734 4420 822 4491 acigt,
836 4438 892 4474 nur
908 4420 957 4473 liu
976 4420 1037 4474 hen
1055 4415 1251 4482 hagenbucha.

1297 4529 1310 4558 Ι

768 3744 954 3814 circumuenit]
987 3745 1037 3798 das
1064 3745 1229 3814 Umaingeln
1259 3746 1289 3800 in
1373 3734 1377 3738 ⁴
