2888 4800
155 218 199 283 66
518 220 629 274 LIBER
646 220 759 275 XXlllL
779 218 855 277 OAP.
875 225 917 278 39.
1167 247 1187 277 ι
1204 246 1228 275 a
1248 245 1267 274 c
1288 237 1346 281 541.

159 381 378 466 trucidabitis,
402 385 435 446 et
457 383 598 448 consulis
623 387 730 448 castra
752 383 788 447 in
810 383 990 468 propinquo
1014 388 1104 463 sunt,
1125 407 1166 449 ne
1190 384 1268 468 quid
1292 385 1342 450 ab

160 464 341 535 Himilcone
364 474 398 535 et
421 466 744 558 Carthaginiensstrus
767 471 876 536 timeri
899 471 1024 556 possit'.

105 558 148 624 39
247 558 300 624 Ab
323 560 385 625 hac
408 559 634 625 adhortatione
658 561 782 625 dimissi
805 582 941 644 corpora
964 565 1088 627 curant.
1124 566 1257 646 postero
1280 563 1338 628 die

160 647 216 711 alii
240 648 313 713 aliis
336 648 415 713 locis
439 649 479 713 ad
504 649 679 714 obsidenda
701 649 820 714 itinera
839 650 1096 735 claudendosque
1111 651 1253 735 oppositi
1268 653 1336 716 exi-

157 738 224 822 tus3
242 759 333 820 „pars
365 738 508 801 maxima
538 760 634 821 super
663 737 827 803 theatrum
855 739 1017 824 circaque,
1050 740 1176 804 adsueti
1198 745 1232 804 et
1255 745 1339 806 ante

32 869 34 883 .
124 825 342 908 aspectaculo
373 828 573 909 contionum,
606 826 795 892 consistunt.
841 828 1016 911 productus
1049 829 1090 892 ad
1121 829 1277 914 populum
1314 853 1339 895 a

158 914 404 1000 magistratibus
431 915 612 1000 praefectus
635 915 802 980 Romanus
830 939 903 981 cum
931 918 1073 982 consulis
1097 918 1136 981 de
1160 939 1198 982 ea
1220 940 1256 982 re
1279 919 1336 984 ius

121 1019 137 1066 3
156 1024 194 1067 ac
212 1007 407 1086 potestatem
425 1017 509 1086 esse,
531 1026 598 1069 non
617 1024 723 1084 suam,
747 1008 780 1069 et
797 1005 949 1090 pleraque
969 1006 1093 1090 eadem,
1116 1028 1198 1090 quae
1216 1007 1337 1092 pridie,

156 1090 304 1175 dixisset,
337 1097 369 1157 et
396 1094 500 1177 primo
525 1094 644 1158 sensim
669 1115 706 1158 ac
729 1095 836 1178 plures
859 1094 991 1159 reddere
1014 1096 1133 1176 claves,
1167 1095 1241 1161 dein
1264 1096 1335 1161 iam

156 1202 223 1245 una
237 1202 314 1246 voce
337 1181 370 1245 id
394 1203 505 1247 omnes
528 1182 678 1246 iuberent
701 1184 931 1267 cunctantique
950 1188 983 1248 et
1001 1183 1161 1248 differenti
1179 1184 1337 1268 ferociter

156 1270 382 1334 minitarentur
414 1292 473 1334 nec
501 1271 686 1335 viderentur
708 1271 797 1336 ultra
819 1272 884 1334 vim
907 1272 1057 1336 ultimam
1080 1273 1239 1356 dilaturi,¹
1259 1278 1334 1339 tum

121 1358 338 1441 spraefectus
361 1362 441 1444 toga
464 1359 590 1444 signum
596 1409 606 1443 ,
638 1364 675 1424 ut
706 1364 912 1442 convenerat,
945 1360 1045 1445 dedit,
1074 1362 1258 1447 militesque
1281 1363 1332 1426 in·

157 1448 242 1512 tenti
266 1447 385 1512 dudum
409 1470 447 1513 ac
469 1449 576 1532 parati
600 1448 654 1512 alii
679 1470 815 1533 superne
838 1451 873 1513 iu
897 1471 1040 1514 aversam
1060 1449 1247 1515 contionem
1266 1452 1334 1517 cla·

156 1557 246 1600 more
279 1536 408 1601 sublato
442 1536 629 1621 decurrunt,
661 1537 716 1601 alii
744 1537 784 1601 ad
808 1539 913 1603 exitus
936 1538 1057 1603 theatri
1080 1539 1218 1604 conferti
1242 1541 1334 1605 obsi-

119 1628 255 1690 cstunt.
305 1625 482 1690 caeduntur
516 1625 705 1691 Hennenses
751 1648 848 1691 cavea
883 1627 999 1692 inclusi
1036 1632 1335 1714 coacervanturque

153 1735 220 1778 non
244 1714 339 1779 caede
364 1716 469 1780 solum
492 1715 548 1779 sed
573 1715 671 1779 etiam
696 1714 789 1801 fuga,
821 1738 894 1780 cum
917 1717 975 1781 olii
998 1739 1093 1802 super
1116 1718 1254 1782 aliorum
1278 1741 1340 1784 ca·-

155 1802 225 1885 pita
254 1807 385 1867 ruerent
407 1807 440 1868 et
462 1805 583 1888 integri
606 1804 739 1886 sauciis,
770 1804 835 1869 vivi
859 1805 996 1889 mortuis
1018 1806 1195 1871 incidentes
1220 1829 1336 1872 cumu-

119 1891 304 1956 alerentur.
350 1892 424 1957 inde
448 1893 569 1976 passim
595 1893 784 1958 discurritur
807 1898 840 1957 et
863 1893 953 1957 urbis
977 1899 1090 1978 captae
1114 1894 1210 1960 modo
1233 1896 1328 1981 fuga·

154 2002 215 2065 que
239 1985 271 2045 et
294 1980 406 2046 caedes
431 1983 539 2047 omnia
561 1985 651 2046 tenet
673 1981 775 2047 nihilo
799 1982 983 2047 remissiore
1006 1983 1144 2048 militum
1159 1985 1217 2067 ira,
1240 1986 1330 2069 quod

153 2069 282 2135 turbam
310 2071 466 2135 inermem
494 2070 684 2154 caedebant,
716 2093 813 2156 quam
841 2071 868 2135 si
892 2071 1070 2154 periculum
1094 2094 1152 2155 par
1175 2075 1209 2138 et
1231 2074 1338 2140 ardor

187 2269 211 2316 9.
248 2264 443 2387 trucidabit&
480 2263 711 2329 ‘abachlaohten'‚
760 2278 847 2344 perpe
864 2263 1014 2346 decurrunt
1031 2265 1088 2318 und
1107 2266 1139 2318 iu
1155 2282 1280 2320 oausam
1299 2284 1332 2337 c.,

150 2332 300 2387 besonders
326 2350 390 2388 vom
435 2334 482 2388 reh
513 2335 614 2403 gesagt
645 2333 711 2388 oder
764 2333 829 2387 werl
856 2334 983 2389 Pmarrus
1014 2352 1070 2389 von
1100 2336 1149 2390 der
1177 2336 1335 2394 Orchestra

150 2403 204 2458 mit
222 2403 285 2457 dem
305 2403 404 2459 Zusatz
417 2420 547 2473 pecorum
564 2405 650 2458 modo.
765 2420 814 2458 aus
833 2423 866 2458 zu
885 2405 940 2460 den
957 2405 1139 2461 Hennensem
1157 2407 1273 2476 spricht.

185 2492 218 2546 iu
231 2493 401 2564 propinquo]
416 2510 445 2546 es
459 2493 497 2547 ist
511 2493 710 2560 anzunehmen,
800 2494 937 2564 circaque]
963 2511 993 2549 so
1012 2495 1072 2551 Liv.
1098 2496 1142 2551 oft
1165 2495 1212 2551 hei
1234 2498 1335 2569 Prdp,

151 2563 214 2618 dass
230 2562 354 2618 Himillre
372 2564 430 2618 und
443 2563 527 2634 Hipp.
544 2560 605 2618 ihre
619 2564 710 2619 Route
764 2565 870 2620 welche
896 2565 968 2619 auch
993 2565 1034 2620 als
1060 2568 1130 2622 Adv.
1157 2570 1330 2637 angewandt

151 2633 200 2688 auf
216 2633 316 2688 Henna
333 2637 455 2689 nahmen
472 2653 491 2689 u
519 2635 604 2690 Marc.
623 2635 711 2690 ihnen
763 2636 888 2702 merdam
922 2639 999 2691 sensi
1026 2637 1079 2691 mit
1105 2638 1330 2710 Wiederholung

149 2704 252 2775 folgte3
276 2706 350 2760 denn
373 2707 446 2760 nach
470 2712 516 2774 39,
544 2714 576 2762 10
603 2707 711 2762 besetzt
764 2708 813 2762 des
832 2707 925 2763 Subst.
950 2708 1003 2763 πίε
1029 2714 1092 2763 aute
1116 2710 1198 2778 stpuu
1215 2716 1240 2764 et
1261 2717 1329 2778 post

149 2776 233 2846 Hipp.
253 2777 426 2846 Murgantia,
445 2779 495 2832 das
510 2778 569 2832 sich
584 2778 648 2832 dem
661 2777 709 2833 Hi·
763 2780 856 2848 cipue,
888 2795 944 2847 pro
975 2779 1104 2849 Scipione
1139 2785 1164 2834 et
1196 2782 1331 2836 aduersus

150 2848 239 2902 millio
267 2850 387 2918 ergeben
415 2850 507 2918 hatte,
535 2849 592 2904 und
620 2850 711 2904 dieser
764 2850 920 2918 Scipionem
937 2868 964 2904 u.
984 2867 1004 2903 s.
1024 2869 1057 2904 π.

150 2918 237 2974 selbst
250 2921 320 2988 geht
334 2921 561 2991 nuchhg'rigent,
575 2921 710 2974 wahl-end
798 2920 992 2990 spectaculum]
1025 2921 1077 2977 mit
1103 2921 1169 2976 Gen.
1198 2922 1329 2977 bezeich-

149 2990 233 3045 Marc.
253 3008 301 3044 zur
319 2992 496 3062 Belagerung
513 3009 569 3046 von
588 2993 710 3061 Syrahus
763 2993 812 3046 net
835 2992 877 3046 oft
903 2992 1061 3047 Zuschauer
1088 2993 1147 3047 sein
1174 2993 1221 3047 bei
1249 2993 1333 3049 einer

149 3061 345 3119 uurdchkehrt.
764 3061 867 3128 Sache,
896 3063 938 3116 ala
956 3062 1114 3116 Zucchauer
1137 3063 1213 3118 einer
1236 3065 1325 3119 Sache

184 3167 233 3222 aa.
268 3174 291 3222 1.
319 3169 354 3221 au
381 3169 433 3222 aaa
459 3168 659 3237 mutuarum]
688 3185 708 3221 s.
762 3132 1027 3199 b³1W⁰h¹101122·B·
1047 3133 1331 3203 23,47,3R0mam·5

150 3243 239 3304 zum,
259 3244 283 3291 s.
764 3205 801 3258 aa
814 3205 1018 3328 msffsfvlawlwm,
1039 3222 1153 3275 rueme
1182 3208 1240 3261 elus
1270 3206 1328 3274 fre·

185 3324 301 3376 corporo
318 3309 430 3378 cruam]
450 3308 534 3364 ntml.
554 3309 621 3362 echo.
763 3291 824 3399 qug-
843 3291 1113 3419 senaimcnfflres]
1135 3348 1218 3419 ,ganz
1231 3349 1325 3403 mark,

185 3396 344 3478 ⁰P⁸idendal
367 3396 397 3450 ln
420 3396 509 3482 (Ῑῗθθῗῖ
527 3397 711 3481 Verbifldlfflg
764 3415 821 3471 lich
839 3418 896 3471 und
916 3436 949 3471 zu
967 3419 1123 3473 mehreren'
1145 3420 1244 3490 (riefen
1262 3420 1326 3489 sie).

149 3467 401 3537 glerchbedeutend
414 3472 468 3523 mit
480 3470 613 3535 cumdem
631 3488 653 3524 s.
666 3475 710 3537 40,

149 3545 165 3593 9
189 3539 246 3592 und
270 3539 317 3609 25,
344 3546 390 3607 13,
417 3546 433 3594 2
458 3541 622 3610 priusquam
647 3542 709 3596 ciac
800 3523 920 3595 reddere]
942 3525 1014 3606 ⁰,hn0
1036 3525 1218 3614 leigefllsslfffl
1232 3525 1324 3596 Subj.·

148 3626 238 3664 (mm
273 3612 391 3665 hostium
424 3613 573 3680 praesidiis
608 3613 708 3668 mide.
761 3597 836 3661 Aca,
864 3596 913 3650 der
940 3597 1000 3650 s1ch
1016 3596 1105 3650 lercht
1123 3598 1254 3667 arguunt,
1273 3598 1326 3651 fin-

148 3686 250 3735 ,enm
762 3666 809 3720 det
831 3667 892 3720 sich
915 3666 987 3720 efter
1006 3667 1052 3722 bei
1071 3667 1167 3721 Livius
1185 3687 1207 3722 z.
1226 3668 1257 3723 B.
1277 3667 1328 3736 25,

184 3752 314 3823 opposita]
337 3754 450 3807 absolut
471 3754 529 3806 und
551 3753 638 3807 daher
655 3753 708 3809 πίε
763 3743 804 3804 10,
824 3737 1027 3820 6,Ταῒθίῑῑῑ203
1048 3740 1107 3792 Sim
1126 3740 1210 3793 armlss
1228 3754 1324 3792 Μυθ-

149 3823 198 3877 das
213 3821 336 3892 Simplex
352 3842 385 3877 eu
400 3825 577 3889 dhersetzem
591 3823 646 3893 vgl.
662 3824 707 3892 26,
724 3884 725 3888 ,
761 3824 824 3862 ⁶2⁷⁰
841 3810 923 3862 lubel-

43 3892 49 3909 '
148 3899 226 3962 44,2
253 3895 308 3948 duo
332 3896 412 3948 milio
430 3897 464 3949 ab
483 3911 515 3950 eu
534 3901 631 3964 porte,
653 3913 708 3964 qua
798 3903 821 3951 6.
841 3895 934 3965 modo]
948 3896 1032 3950 ‘nach
1047 3897 1119 3965 Art’,
1139 3897 1185 3951 ein
1198 3897 1245 3951 bei
1261 3896 1321 3952 niv.

148 3970 238 4020 castro
256 3965 383 4019 Romarm
402 3971 494 4032 uaut,
517 3968 630 4035 opponit
651 3967 708 4020 und
761 3967 889 4036 hdufiger
909 3967 970 4022 Abl.
989 3966 1067 4021 modi
1088 3967 1118 4021 in
1139 3967 1328 4038 Verbindung

149 4039 226 4091 senst
244 4036 292 4091 oft.
761 4038 814 4092 mit
832 4038 922 4092 einem
942 4036 1009 4092 Gen.

183 4107 328 4178 theatrum]
348 4106 393 4161 die
408 4107 623 4178 Versammlung
640 4109 707 4164 land
796 4111 916 4179 fupaque
934 4114 959 4162 et
976 4109 1079 4179 coedes]
1099 4109 1156 4178 vgl.
1177 4109 1223 4176 28,
1242 4115 1285 4177 26,
1305 4115 1337 4164 8·

148 4179 211 4247 (πίε
234 4179 280 4233 bei
298 4177 436 4234 Griechen
458 4180 644 4249 gewdhnlich)
667 4181 708 4234 im
761 4182 799 4235 ad
813 4186 904 4235 castra
922 4183 1055 4234 tumultus
1073 4186 1166 4235 arctet
1180 4196 1329 4249 paraproe

147 4250 269 4305 Theater
283 4252 360 4318 atatt,
379 4251 436 4304 und
450 4251 495 4305 die
511 4250 643 4305 Soldaten
660 4251 707 4306 be·
760 4254 880 4322 supuque
904 4256 928 4304 et
951 4253 1057 4319 cacdcs;
1081 4252 1141 4306 dies
1163 4267 1325 4333 correspon-

147 4320 250 4376 fanden
270 4320 330 4376 sich
347 4321 560 4393 grdsstentheils
575 4323 646 4376 oben
661 4324 711 4377 auf
762 4322 892 4378 dierende
912 4339 1005 4392 quc-
1016 4329 1040 4378 et
1058 4322 1105 4378 bei
1123 4322 1219 4377 Livius
1237 4339 1323 4377 arem·

145 4393 209 4445 dem
223 4393 474 4463 Zuschauerraum;
493 4394 579 4449 daher
597 4399 612 4460 5
627 4400 644 4448 4
662 4410 706 4448 su-
760 4395 818 4450 lich
836 4393 943 4463 haufig,
963 4414 983 4450 s.
1002 4400 1046 4463 4⁷,
1064 4401 1090 4449 4.
