2888 4800
111 278 134 309 2.
154 268 205 309 ca.
224 279 247 307 n.
267 268 313 308 ur
496 216 605 304 araas
622 232 734 304 xxuri.
760 248 837 304 aar.
859 255 900 305 rs.
917 254 958 304 ro.
1251 249 1294 314 33

113 416 232 499 primo,
262 413 376 479 deinde
403 413 573 478 viduarum
597 416 730 495 coeptae
753 411 902 494 conferri,
924 433 1086 496 nusquam
1109 431 1163 476 eas
1186 412 1289 476 tutius
1310 428 1345 478 14

114 504 319 587 sanctiusque
338 503 498 586 deponere
517 501 720 566 credentibus
740 500 795 584 qui
814 499 1002 564 deferebant
1020 522 1118 583 quam
1132 500 1166 565 in
1183 500 1290 583 publi·

111 614 152 657 ea
175 592 247 656 fide.
288 591 364 655 inde
388 591 415 655 si
439 590 516 674 quid
545 592 689 673 emptum
717 591 929 673 paratumque
957 588 1091 671 pupillis
1120 610 1157 654 ao
1184 588 1290 653 viduis

111 680 208 764 foret,
231 703 251 744 a
274 683 444 765 quaestore
467 678 737 762 perscribebatur.
783 676 928 741 manavit
950 698 989 740 ea
1012 677 1212 758 privatorum
1235 678 1289 742 be·
1311 695 1343 744 15

113 770 259 855 nigritae
283 790 322 832 ex
344 769 423 832 urbe
446 769 546 834 etiam
568 769 604 831 in
627 772 744 850 castra,
766 768 804 830 ut
825 787 892 829 non
915 786 1026 850 eques,
1051 787 1120 829 non
1143 767 1292 831 centurio

115 858 315 941 stipendium
347 857 519 941 acciperet,
552 855 872 938 mercennariumque
902 854 1107 937 increpantes
1137 859 1291 920 vocarent

112 947 171 1029 qui
195 946 381 1027 accepisset

206 1033 242 1109 Q.
257 1033 378 1098 Fabius
401 1033 514 1098 consul
534 1032 574 1097 ad
590 1030 765 1097 Casilinum
785 1034 892 1095 castra
910 1031 1066 1113 habebat,
1090 1031 1176 1114 quod
1194 1031 1293 1096 duum
1306 1035 1347 1099 19

114 1122 242 1186 milium
253 1120 493 1205 Campanorum
508 1125 541 1186 et
554 1122 834 1205 septingentorum
848 1120 987 1183 militum
998 1118 1194 1184 Hannibalis
1207 1124 1295 1184 tene-

115 1211 213 1274 batur
235 1210 407 1292 praesidio.
444 1213 593 1293 praeerat
610 1207 733 1274 Statius
756 1208 875 1272 Metius
900 1208 1018 1272 missus
1043 1209 1084 1272 ab
1104 1206 1162 1272 On.
1181 1207 1293 1294 Magio
1313 1229 1329 1276 a

115 1299 284 1382 Atellano,
309 1300 364 1383 qui
387 1320 424 1362 eo
448 1320 533 1362 anno
547 1298 654 1362 medix
667 1299 788 1362 tuticus
803 1301 886 1376 erat,
910 1298 1106 1382 servitiaque
1121 1301 1154 1360 et
1167 1297 1296 1381 plebem

113 1388 296 1471 promiscue
326 1391 480 1469 armarat,
512 1391 549 1451 ut
577 1392 685 1452 castra
707 1386 857 1451 Romana
879 1386 1047 1450 invaderet
1069 1387 1196 1450 intento
1219 1408 1295 1451 eon·

115 1476 185 1540 sule
210 1476 249 1540 ad
274 1473 454 1540 Casilinum
477 1476 739 1561 oppugnandum.
775 1474 859 1539 nihil
883 1496 994 1538 eorum
1007 1474 1145 1538 Fabium
1168 1474 1295 1539 fefellit

115 1565 225 1648 itaque
248 1564 370 1629 Nolam
393 1564 434 1629 ad
458 1565 618 1649 collegam
641 1565 755 1644 mittit,
779 1564 880 1626 altero
904 1564 1057 1645 exercitu,
1081 1562 1157 1626 dum
1182 1560 1294 1627 Casili·
1314 1584 1330 1631 3

116 1675 194 1716 num
214 1658 435 1736 oppugnatur,
459 1675 540 1735 opus
560 1674 646 1731 esse,
671 1652 727 1735 qui
740 1649 915 1733 Campanis
935 1653 1132 1734 opponatur:
1156 1653 1207 1715 vel
1226 1652 1295 1735 ipse
1314 1673 1332 1721 4

112 1741 229 1804 relicto
251 1739 355 1805 Nolae
383 1741 545 1824 praesidio
576 1740 703 1804 modico
727 1740 865 1822 veniret,
897 1740 961 1822 vel,
993 1739 1119 1804 sicum
1140 1739 1227 1805 Nola
1249 1744 1296 1806 te-

117 1830 222 1910 neret,
253 1828 390 1892 necdum
413 1851 543 1893 securae
566 1851 618 1893 res
643 1830 683 1893 ab
706 1826 892 1892 Hannibale
916 1832 1038 1912 essent,
1070 1851 1103 1893 se
1127 1828 1176 1892 Ti.
1199 1827 1296 1894 Grac

115 1916 215 1981 chum
242 1917 468 1999 proconsulem
497 1940 517 1981 a
544 1916 730 1981 Benevento
759 1917 945 1981 acciturum.
981 1917 1044 1982 hoc
1072 1918 1186 1981 nuntio
1210 1917 1331 1986 Mar-5

115 2005 217 2070 cellus
240 2004 365 2069 duobus
389 2006 529 2090 militum
553 2006 683 2070 milibus
706 2005 811 2070 Nolae
834 2005 869 2068 in
891 2005 1052 2088 praesidio
1076 2006 1197 2070 relictis
1221 2029 1295 2070 cum

115 2097 223 2158 cetero
247 2094 390 2158 exercitu
410 2093 588 2159 Casilinum
612 2095 713 2179 venit,
738 2093 941 2177 adventuque
964 2094 1032 2157 eius
1052 2090 1210 2176 Campani
1229 2095 1296 2159 iam

116 2185 283 2246 moventes
308 2204 377 2246 sese
401 2183 600 2266 quieverunt
636 2183 684 2248 ita
707 2182 748 2247 ab
768 2182 893 2246 duobus
913 2182 1100 2246 oonsulibus
1116 2180 1295 2247 Casilinum
1313 2203 1330 2252 6

116 2271 298 2356 oppugnari
318 2272 433 2354 coepit.
469 2273 523 2336 ubi
544 2294 617 2336 cum
635 2273 738 2336 multa
758 2271 964 2335 succedentes
982 2275 1104 2335 temere
1123 2272 1294 2336 moenibus

115 2358 256 2423 Romani
278 2360 399 2424 milites
423 2361 607 2443 acciperent
630 2362 776 2442 vulnera,
804 2381 908 2444 neque
933 2361 1011 2423 satis
1036 2360 1200 2441 inceptum
1225 2383 1295 2425 suc·
1353 2368 1356 2372 ’

155 2504 195 2552 14.
223 2499 335 2569 viduae]
363 2500 436 2552 auch
462 2498 508 2553 die
532 2499 679 2554 unverhei·
770 2499 818 2553 19.
862 2498 1198 2567 Wiedereroberung
1228 2514 1296 2553 von

117 2568 212 2621 rathet
227 2569 411 2636 gabliebenen
424 2569 564 2624 Mtdchen
577 2571 679 2625 mitbe-
734 2568 923 2623 Casilinum
942 2569 1049 2622 durch
1068 2569 1203 2624 Fabius.

116 2637 277 2692 aeichnend.
613 2688 621 2701 ,,
769 2645 794 2694 1.
822 2640 921 2710 durau]
940 2657 961 2694 s.
981 2658 1016 2693 au
1033 2644 1059 2705 8,
1080 2645 1122 2694 10.

152 2708 295 2779 depouere]
315 2709 387 2762 ohne
405 2724 441 2773 se,
460 2726 480 2762 s.
499 2728 534 2763 zu
552 2717 577 2778 6,
596 2716 620 2765 5.
768 2716 793 2763 2.
826 2710 966 2780 Atellano]
1007 2727 1057 2763 aus
1095 2710 1198 2776 Atella
1244 2711 1295 2764 der

152 2779 268 2849 deferre]
297 2804 330 2824 =
359 2779 489 2845 couferrc,
526 2779 579 2834 wie
611 2781 678 2835 lurra
732 2782 823 2834 media
849 2781 952 2833 tuticus
975 2797 1032 2833 war
1060 2795 1181 2834 summus
1207 2782 1295 2850 mapi-

117 2851 225 2904 vorher.
731 2855 836 2904 stratus
855 2851 932 2917 apud
945 2848 1100 2917 campanos
1123 2849 1180 2917 (23,
1195 2855 1239 2918 35,
1252 2858 1291 2905 13.

152 2920 234 2990 foret]
254 2920 294 2974 ist
307 2920 357 2974 der
370 2920 415 2974 bei
429 2919 461 2974 L.
476 2920 587 2990 hitufige
599 2921 678 2991 Oonj.
734 2920 779 2988 26,
799 2927 824 2987 6,
844 2923 901 2989 13);“
926 2919 971 2974 die
990 2920 1090 2974 beiden
1116 2921 1213 2976 Worte
1233 2921 1295 2976 siud

115 2990 273 3044 iterativus.
734 2993 842 3046 osciseh
860 2991 918 3045 und
941 2991 1081 3046 bedeuten
1104 3007 1135 3044 so
1159 2992 1216 3046 viel
1240 2993 1294 3046 wie

151 3062 380 3132 perscribebatur]
412 3062 518 3115 ‘warde
541 3062 602 3117 eine
621 3065 678 3117 An·
735 3062 943 3131 ‘Landpfleger'
956 3062 1156 3131 (mediabangt
1169 3063 1221 3116 mit
1231 3063 1295 3118 dem

117 3131 243 3201 weisung
269 3133 417 3202 gegeben'‚
451 3133 496 3186 die
524 3135 597 3188 nach
624 3135 678 3189 den
734 3133 843 3188 Stamm
861 3134 910 3187 des
929 3133 1066 3187 Verbums
1084 3135 1210 3200 mederi,
1229 3136 1295 3188 ruti-

116 3203 278 3272 damaligeu
291 3203 499 3258 Verbaltnissen
510 3205 587 3258 wohl
596 3206 678 3260 eben·
733 3221 781 3262 cus
799 3205 853 3258 mit
870 3209 943 3258 totus
960 3207 1139 3271 zusammen).

114 3274 182 3327 falls
196 3275 561 3344 nichtsogleicheingelost
575 3277 678 3346 warde,
768 3282 794 3331 3.
822 3275 1012 3346 oppuprratwr]
1042 3276 1092 3329 der
1117 3275 1216 3331 Modus
1244 3276 1295 3331 der

117 3343 287 3414 wenigstens
313 3345 390 3399 ward
415 3363 444 3400 so
471 3347 537 3400 aber
556 3346 601 3401 ein
621 3364 678 3401 mo·
733 3347 857 3401 directen
875 3346 952 3401 Rede
970 3346 1009 3400 ist
1027 3345 1216 3415 beibehalten‚
1234 3364 1293 3401 was

117 3414 251 3469 ralisoher
270 3415 364 3471 Druck
388 3417 438 3469 auf
459 3417 503 3470 die
523 3416 679 3471 Verkauler
733 3417 763 3470 L.
784 3418 869 3471 bfters
888 3417 967 3483 thut3
995 3416 1040 3471 bei
1058 3417 1125 3471 dura
1142 3417 1181 3471 ist
1199 3434 1228 3471 es
1245 3434 1293 3487 ge-

116 3487 263 3554 ausgelibt.
492 3525 497 3539 .
733 3488 799 3542 rade
818 3487 898 3540 nicht
914 3487 1019 3556 htufig,
1298 3502 1309 3517 r

156 3562 197 3610 15.
233 3558 349 3624 aliquem
376 3573 508 3612 mercena.
532 3559 679 3626 increparis
769 3564 794 3610 4.
826 3557 951 3628 securus]
985 3557 1038 3626 eig.
1070 3573 1126 3610 von
1154 3557 1294 3613 Personen

116 3626 195 3695 uoco]
211 3626 258 3679 ioh
274 3626 471 3680 ‘schclteJem.
488 3627 569 3681 einen
578 3628 679 3682 Misth-
735 3627 981 3696 ‘unbekr’immert‚
994 3676 1000 3690 f
1023 3628 1192 3696 sorgenlos’,
1233 3629 1295 3683 hier

117 3696 200 3765 ling',
223 3696 312 3750 wofdr
330 3698 402 3750 auch
425 3699 543 3766 aliquem
560 3705 592 3751 ut
611 3715 677 3753 mer-
735 3698 898 3769 ‘gefahrlos'
916 3723 949 3743 =
964 3703 1040 3752 tutus
1063 3716 1089 3751 u.
1109 3715 1139 3752 so
1162 3698 1216 3754 wie
1235 3699 1295 3755 dies

116 3767 278 3820 cruciarium
305 3768 416 3836 increpo
442 3771 544 3838 gesagt
567 3771 679 3825 werden
732 3771 822 3823 mita
841 3771 955 3834 constr.;
990 3769 1045 3839 vgl.
1065 3768 1116 3835 39,
1145 3775 1173 3835 1,
1203 3776 1219 3824 6
1246 3773 1296 3840 qui

116 3837 194 3891 kann
217 3836 275 3906 (35,
293 3844 336 3906 39,
356 3845 384 3909 i:
412 3839 561 3908 Mauricius
582 3846 615 3895 ut
637 3842 679 3896 iu·
731 3842 840 3895 uultum
858 3842 946 3894 locum
964 3842 1085 3909 quietum
1103 3846 1153 3894 aui
1168 3857 1295 3897 securum

116 3913 211 3979 pratos
233 3909 374 3977 increpat).
418 3910 474 3964 Das
499 3911 590 3966 blosse
614 3913 679 3982 aliq.
732 3929 786 3966 esse
803 3913 911 3966 eiceret

117 3981 335 4034 merceuuariuru
352 3983 463 4048 increpo
486 3984 542 4036 erst
560 3983 607 4038 bei
625 3983 679 4038 Ta·
769 3989 793 4036 5.
816 3984 849 4036 ia
857 3982 1012 4052 praesidio]
1023 3983 1142 4051 relinqui
1160 3984 1227 4037 oder
1240 3999 1295 4038 esse

117 4051 202 4115 citus3
222 4050 294 4104 doch
312 4052 414 4113 seheri
427 4052 485 4106 sich
505 4052 595 4108 dieser
609 4055 679 4108 Aus—
703 4105 705 4107 ,
734 4053 797 4108 ‘auf
812 4052 936 4120 Posten',
960 4053 1013 4106 wie
1036 4054 1068 4107 iu
1082 4070 1173 4120 praes.
1193 4056 1295 4122 iuporei

118 4121 306 4176 drucksweise
325 4123 412 4176 sehon
430 4122 461 4176 L.
482 4123 508 4191 8,
525 4130 568 4192 32,
585 4131 617 4179 13
636 4127 679 4178 iu·
735 4124 836 4179 aufe.
851 4123 965 4193 gestellt
976 4124 1113 4189 werden’3
1132 4124 1248 4178 eunuch
1261 4126 1295 4180 iu

117 4194 268 4260 crepabant
280 4194 679 4250 iuclemeutemdictatorcmsie
731 4195 864 4250 abacia
881 4195 929 4251 rel.
950 4194 990 4249 ‘in
1009 4195 1152 4250 Reserve'.

117 4262 244 4318 schalten
258 4264 314 4318 den
327 4264 360 4319 D.
380 4281 524 4333 grausam3
544 4265 597 4336 eig.
612 4268 680 4321 aber
769 4273 793 4321 6.
821 4265 918 4334 meriti
938 4283 959 4320 a.
977 4283 1012 4320 au
1031 4271 1055 4319 ἵ.
1077 4271 1118 4312 10Δ

118 4352 158 4378 -’
171 4335 353 4403 increpabant
369 4337 568 4391 inclementiam
591 4339 678 4392 dicta·
767 4337 866 4405 incepti
1231 4354 1293 4392 ner-

117 4405 194 4459 tais.
231 4438 244 4451 r
732 4408 802 4465 ebul.
829 4406 874 4464 Gor
1286 4419 1316 4452 '¹⁸

173 4503 217 4542 uir.
231 4503 281 4544 le.
296 4505 322 4544 B.
338 4507 369 4546 24.
