2894 4800
182 227 224 292 70
528 227 638 282 LIBER
656 226 769 282 XXIIII.
799 226 876 284 CAP.
895 233 938 281 41.
957 232 1000 282 42.
1183 252 1203 282 a
1221 252 1244 283 ιι.
1263 253 1283 282 c.
1303 243 1355 286 540.

181 389 330 455 Castrum
351 389 473 454 Album
494 427 532 436 -
557 390 646 455 locus
670 393 720 454 est
741 390 878 475 insignis
901 390 995 454 caede
1018 392 1130 475 magni
1152 389 1352 456 Hamilcaris

144 495 223 543 4-
245 482 351 544 castra
373 479 512 544 Romani
538 478 689 544 habuere.
734 501 792 543 arx
818 482 888 543 erat
911 479 1048 562 munita,
1074 483 1108 544 et
1131 483 1351 544 convexerant

180 572 254 634 ante
271 567 484 632 frumentum:
507 572 627 651 tamen,
648 567 724 651 quia
742 568 851 631 omnia
869 567 954 632 circa
971 567 1115 633 hostium
1133 569 1230 651 plena
1248 572 1352 651 erant,

180 677 358 741 agmenque
381 656 564 721 Romanum
586 657 706 740 inpune
729 656 928 720 incursatum
951 656 992 720 ab
1015 657 1177 741 equitibus
1204 657 1353 722 hostium

178 746 297 830 fuerat,
328 749 361 809 et
390 745 431 809 ad
459 746 522 811 duo
554 745 644 810 milia
676 748 732 809 aut
762 748 963 810 moratorum
990 748 1047 809 aut
1078 745 1260 828 palantium
1290 768 1352 829 per

180 855 275 919 agros
293 834 471 919 interfecta,
490 856 612 898 cessere
630 832 705 914 inde
723 832 862 898 Romani
880 834 1013 917 propius
1032 839 1149 916 pacata
1166 836 1238 899 loca
1257 838 1290 899 et
1308 835 1352 900 ad

144 938 160 986 5
179 926 321 989 montem
335 922 499 988 Victoriae
513 927 620 988 castra
635 923 880 987 communivere.
910 944 948 986 eo
964 920 1020 988 Cn.
1035 919 1142 1007 Scipio
1157 945 1229 986 cum
1245 924 1351 988 omni-

179 1013 240 1076 bus
267 1013 369 1096 copiis
395 1016 428 1076 et
448 1011 634 1076 Hasdrubal
657 1010 810 1095 Gisgonis
837 1011 936 1096 filius,
964 1011 1078 1075 tertius
1103 1008 1352 1095 Carthaginien·

180 1102 262 1165 sium
291 1100 368 1183 dux,
397 1122 469 1165 oum
498 1101 638 1165 exercitu
664 1101 750 1164 iusto
779 1099 921 1178 advenit,
951 1103 1127 1184 contraque
1156 1105 1263 1164 castra
1284 1101 1353 1166 Ro-

143 1206 159 1253 6
178 1212 275 1254 mana
296 1192 387 1253 trans
410 1189 543 1253 fluvium
566 1211 677 1254 omnes
700 1188 880 1254 consedere.
916 1188 952 1252 P.
972 1187 1080 1272 Scipio
1100 1210 1173 1252 cum
1192 1189 1352 1272 expeditis

178 1279 261 1342 clam
284 1277 449 1362 profectus
472 1278 513 1342 ad
536 1279 607 1343 loca
629 1278 714 1342 circa
738 1277 872 1341 visenda
893 1277 980 1343 haud
1003 1276 1119 1341 fefellit
1140 1277 1264 1361 hostes,
1294 1301 1351 1363 op-

177 1366 434 1451 pressissentque
457 1388 530 1431 eum
553 1367 586 1430 in
609 1364 797 1448 patentibus
820 1367 956 1448 eampis,
984 1365 1018 1429 ni
1041 1367 1200 1430 tumulum
1218 1367 1253 1430 in
1276 1389 1352 1450 pro·

178 1457 300 1541 pinquo
323 1457 469 1538 cepisset.
514 1456 561 1519 ibi
583 1476 711 1538 quoque
739 1455 966 1519 circumsessus
995 1453 1136 1519 adventu
1159 1455 1269 1519 fratris
1294 1457 1351 1521 ob-

144 1544 304 1609 rsidione
327 1545 484 1610 eximitur.
522 1542 666 1626 Castulo,
688 1543 765 1607 urbs
783 1542 961 1629 Hispaniae
983 1543 1092 1607 valida
1114 1565 1152 1608 ac
1174 1544 1294 1608 nobilis
1318 1550 1352 1610 et

180 1633 259 1698 adeo
282 1633 454 1699 coniuncta
477 1634 630 1698 societate
649 1632 777 1714 Poenis,
799 1636 836 1696 ut
858 1654 939 1697 uxor
962 1632 1035 1696 inde
1053 1631 1233 1696 Hannibali
1256 1638 1352 1718 esset,

143 1721 222 1787 aad
239 1721 405 1788 Romanos
429 1722 553 1786 defecit.
591 1719 875 1805 Carthaginienses
897 1720 1061 1805 Iliturgim
1084 1743 1272 1806 oppugnare
1296 1723 1353 1787 ad-

179 1811 251 1893 orti,
274 1811 350 1895 quia
372 1810 567 1893 praesidium
587 1809 633 1874 ibi
651 1810 835 1875 Romanum
858 1814 948 1892 erat„
960 1810 1214 1894 videbanturque
1237 1812 1351 1894 inopia

143 1899 316 1965 emaxime
335 1921 408 1963 eum
431 1900 538 1967 locum
560 1899 783 1984 expugnaturi.
829 1896 885 1963 (ln.
909 1896 1026 1981 Scipio,
1049 1903 1086 1962 ut
1109 1900 1203 1963 sociis
1226 1901 1351 1982 praesi-

177 1987 292 2072 dioque
314 1987 413 2052 ferret
436 2010 540 2071 opem,
562 2010 635 2053 cum
658 1987 784 2072 legione
808 1986 956 2071 expedita
978 1986 1143 2070 profectus
1163 1989 1248 2052 inter
1270 1989 1352 2054 bina

178 2081 285 2141 castra
299 2099 372 2141 cum
386 2098 505 2162 magna
520 2077 615 2142 caede
628 2077 772 2141 hostium
791 2076 905 2141 urbem
921 2080 971 2140 est
988 2077 1155 2160 ingressus
1170 2081 1202 2140 et
1215 2082 1352 2159 postero

127 2166 229 2232 lodie
252 2166 420 2250 eruptione
443 2188 543 2251 aeque
566 2166 653 2230 felici
674 2164 840 2250 pugnavit.
878 2187 976 2248 supra
995 2164 1160 2229 duodecim
1183 2166 1273 2230 milia
1292 2165 1353 2231 ho

178 2255 304 2318 minum
322 2276 417 2319 caesa
435 2254 558 2319 duobus
577 2254 718 2338 proeliis,
739 2254 812 2337 plus
831 2252 920 2316 mille
938 2253 1107 2318 bominum
1126 2259 1256 2337 captum
1276 2276 1355 2320 curn

179 2365 234 2407 sex
254 2346 287 2407 et
308 2343 445 2428 triginta
469 2342 667 2406 militaribus
691 2341 804 2426 signis.
839 2341 886 2405 ita
905 2341 945 2405 ab
963 2340 1092 2426 iliturgi
1110 2364 1272 2407 recessum
1291 2349 1355 2411 est

127 2447 158 2496 11
178 2431 315 2513 Bigerra
331 2430 407 2494 inde
426 2431 502 2494 urbs
518 2467 559 2476 -
576 2431 654 2495 socii
672 2434 705 2494 et
723 2430 759 2494 hi
774 2430 994 2495 Romanorum
1013 2433 1106 2494 erant
1121 2468 1163 2476 —
1178 2455 1197 2496 a
1212 2429 1354 2497 Cartha·

178 2518 382 2604 giniensibus
406 2520 588 2604 oppugnari
612 2524 726 2602 coepta
748 2523 806 2583 est.
843 2540 914 2582 eam
937 2519 1137 2583 obsidionem
1160 2519 1228 2583 sine
1247 2526 1354 2586 certa-

125 2608 263 2674 42mine
293 2607 464 2672 adveniens
488 2607 546 2673 On.
570 2607 678 2692 Scipio
707 2608 813 2673 solvit
859 2606 899 2671 ad
922 2604 1075 2672 Mundam
1104 2609 1217 2673 exinde
1242 2615 1354 2676 castra

143 2714 159 2762 2
178 2696 300 2761 Punica
323 2701 425 2778 mota,
451 2701 484 2762 et
505 2696 644 2763 Romani
668 2719 706 2762 eo
729 2696 898 2762 confestim
923 2696 1024 2761 secuti
1047 2702 1133 2762 sunt.
1177 2698 1223 2761 ibi
1246 2700 1352 2783 signis

179 2787 317 2850 conlatis
339 2789 520 2871 pugnatum
543 2808 601 2871 per
623 2790 777 2871 quattuor
803 2786 903 2849 ferme
927 2784 1038 2869 horas3
1066 2786 1256 2870 egregieque
1280 2787 1351 2852 vin-

177 2875 327 2940 centibus
350 2874 506 2941 Romanis
531 2876 659 2961 signum
682 2875 825 2958 receptui
848 2877 898 2938 est
920 2873 1041 2956 datum,
1066 2876 1151 2958 quod
1170 2871 1229 2939 Gn.
1247 2873 1352 2960 Scipi-

180 2963 251 3029 onis
274 2964 379 3028 femur
401 2965 530 3049 tragula
553 2964 716 3029 confixum
738 2967 816 3044 erat,
839 2984 1001 3047 pavorque
1023 2963 1109 3027 circa
1128 2985 1201 3027 eum
1219 2971 1354 3048 ceperat

143 3052 311 3137 emilites,
342 3074 383 3117 ne
411 3052 612 3116 mortiferum
644 3056 729 3116 esset
758 3052 883 3115 volnus.
928 3055 1068 3115 ceterum
1097 3051 1184 3116 haud
1214 3052 1353 3119 dubium

177 3141 252 3220 fuit,
281 3140 375 3225 quin,
403 3141 466 3204 nisi
495 3161 533 3203 ea
559 3162 651 3205 mora
678 3140 917 3222 intervenisset,
949 3143 1056 3203 castra
1085 3161 1123 3204 eo
1152 3141 1202 3204 die
1225 3141 1354 3208 Punica.

178 3229 250 3313 capi
282 3229 456 3311 potuerint.
501 3227 567 3290 iam
594 3249 661 3291 non
689 3228 807 3292 milites
841 3227 945 3292 solum
973 3228 1028 3292 sed
1055 3228 1218 3313 elephanti
1247 3231 1352 3296 etiam

212 3408 238 3455 3.
265 3402 366 3527 caede&
375 3417 405 3455 er
423 3401 469 3456 fiel
487 3401 517 3455 in
535 3401 584 3456 der
602 3401 735 3457 Schlacht
823 3408 848 3460 4.
880 3403 1034 3474 incursare]
1061 3404 1115 3458 mit
1137 3404 1257 3458 blossem
1281 3406 1349 3463 Acc.

177 3489 268 3541 gagen
281 3473 326 3528 die
367 3474 491 3542 ettonen,
511 3473 571 3528 eine
586 3472 733 3543 spaniscbe
788 3475 876 3540 (sonet
898 3473 951 3528 mit
968 3475 1010 3543 ia)
1031 3475 1104 3528 such
1121 3475 1148 3542 5,
1167 3481 1210 3542 31,
1231 3481 1246 3529 5
1266 3494 1351 3546 apros

178 3543 382 3612 Volkerschatt,
404 3543 423 3598 i.
442 3541 467 3600 J.
486 3551 546 3600 228.
787 3545 926 3600 Romanoa
947 3546 1097 3600 iactarem.

176 3615 733 3757 allllldftllltglldlalll·lt·
822 3618 1001 3758 ,qu
1016 3615 1349 3741 llltlllffll’loe·

177 3758 244 3812 aber
258 3758 366 3814 scheint
378 3775 495 3828 mcpnas
504 3758 542 3812 H.
557 3757 619 3824 (wie
633 3728 735 3826 layna
823 3759 925 3828 omnes]
944 3758 1067 3812 nhmlich
1085 3729 1139 3813 trba
1156 3760 1236 3813 daces
1254 3758 1349 3819 Carth.

177 3829 306 3896 Graecia)
338 3846 386 3882 aur
414 3828 653 3897 Unterscheidung
680 3844 735 3882 von
823 3836 848 3884 8.
877 3830 981 3900 adorti]
1006 3828 1059 3883 mit
1081 3829 1131 3883 Ins.
1156 3830 1198 3884 oft
1222 3831 1268 3885 bei
1286 3831 1348 3888 Liv.

177 3899 297 3953 anderen
312 3898 432 3953 Puniem
451 3899 597 3954 desselben
612 3900 733 3953 Namens
788 3919 837 3954 zur
855 3899 1050 3970 Beaeichnung
1068 3900 1145 3954 eines
1167 3901 1350 3957 milbevollen

177 3970 333 4041 gebraucht
364 3988 397 4024 au
428 3969 529 4024 haben.
572 3969 652 4024 Wird
684 3970 733 4024 das
787 3970 1022 4038 Unternehmens,
1058 3971 1207 4026 besouders
1240 3973 1350 4028 beliebt

176 4041 239 4113 Adj.
255 4060 317 4096 zum
331 4041 530 4110 Eigennamen,
547 4057 578 4095 so
592 4045 656 4111 sagt
668 4058 734 4095 man
787 4057 948 4110 oppugnare
966 4042 1065 4097 adorti.

175 4113 335 4168 Alccaadcr
354 4113 487 4182 Magnete,
505 4111 565 4166 Liv.
585 4113 652 4167 aber
670 4115 734 4183 sagt
825 4119 866 4167 10.
884 4113 958 4167 malle
975 4113 1113 4168 immicum
1131 4115 1252 4184 captam]
1273 4133 1294 4168 s.
1313 4134 1349 4170 au

176 4184 248 4238 nach
268 4185 331 4238 dem
350 4183 596 4253 Sprachgebrauch
615 4184 664 4238 der
687 4183 733 4237 sil·
788 4189 830 4252 40,
852 4189 892 4239 11.

175 4254 280 4309 bernen
298 4253 438 4310 Latinitatt
455 4255 482 4324 9,
502 4261 548 4322 16,
568 4260 601 4308 19
626 4255 734 4324 Macae
823 4254 871 4310 42.
909 4261 933 4308 2.
962 4255 1085 4324 tragula]
1114 4255 1160 4308 ein
1177 4255 1348 4324 Wurfspiess

166 4326 341 4379 Alexandro,
368 4325 414 4394 30,
429 4332 499 4394 4116
518 4325 622 4379 Felicis
640 4325 734 4380 Sullae
787 4325 841 4379 mit
859 4324 1111 4394 Scbwuugriemen,
1131 4325 1172 4379 als
1186 4325 1277 4382 Waffe
1296 4328 1349 4384 der

153 4391 320 4462 Maffm'qtae
337 4397 465 4467 Pompei.
788 4395 906 4468 Spanier
924 4398 997 4450 auch
1015 4395 1062 4466 26,
1080 4401 1106 4466 5,
1126 4401 1158 4450 17
1177 4398 1313 4453 erwtbnt.
