2888 4800
574 1418 758 1474 PERIOCHA
776 1419 874 1474 LIBRI
892 1418 1005 1473 XXIIII.

295 1565 518 1650 Hieronymus
531 1564 809 1650 Syracusanorum
827 1588 892 1648 rex,
915 1565 1004 1630 cuius
1023 1568 1117 1649 pater
1134 1562 1237 1628 Hiero
1257 1564 1383 1628 amicus

206 1656 319 1738 populi
346 1655 487 1721 Romani
513 1655 633 1738 fuerat,
660 1655 700 1719 ad
724 1653 1009 1743 Carthaginienses
1038 1653 1154 1718 defecit
1186 1655 1384 1737 et.propter

207 1743 431 1808 crudelitatem
460 1744 705 1829 superbiamque
732 1766 752 1808 a
780 1744 846 1808 suis
874 1743 1063 1808 interfectus
1092 1746 1149 1807 ost.
1193 1740 1267 1805 Tib.
1295 1739 1383 1806 Sem-

206 1833 339 1917 pronius
359 1831 524 1898 Gracchus
548 1833 722 1916 proconsul
743 1854 896 1916 prospere
920 1833 1072 1898 adversus
1091 1831 1218 1896 Poenos
1239 1834 1271 1894 et
1291 1829 1383 1895 Han·

172 1938 188 1987 5
206 1943 325 1987 nonem
339 1922 452 1987 ducem
466 1921 508 1985 ad
521 1920 743 1987 Beneventum
760 1922 919 2007 pugnavit
933 1942 1098 1986 servorum
1112 1919 1253 1983 maxime
1272 1941 1382 2003 opera,

208 2032 289 2096 quos
312 2010 432 2076 liberos
455 2033 525 2076 esse
548 2011 651 2076 iussit
693 2009 846 2076 Claudius
868 2009 1041 2075 Marcellus
1064 2008 1177 2075 consul
1199 2009 1236 2071 in
1259 2005 1382 2092 Sicilia,

207 2122 290 2184 quae
312 2121 414 2183 prope
436 2104 506 2164 tota
530 2100 570 2165 ad
587 2099 715 2165 Poenos
739 2099 907 2181 defecerat,
930 2097 1108 2182 Syracusae
1132 2096 1268 2163 obsedit.
1307 2096 1381 2162 Phi·

207 2189 297 2270 lippo
316 2187 529 2252 Macedonum
552 2189 621 2272 regi
639 2187 761 2252 bellum
780 2187 936 2252 indictum
954 2191 1013 2270 est,
1036 2187 1091 2271 qui
1109 2186 1149 2250 ad
1168 2185 1377 2269 Apolloniam

207 2280 368 2377 nocturno
400 2277 524 2378 proelio
557 2297 728 2377 oppressus
759 2276 954 2377 fugatusque
985 2277 1020 2340 ta
1048 2274 1274 2340 Macedoniam
1309 2297 1375 2341 oum

156 2363 1380 2538 10,33315305,3338,3333sspppifflu,,p

160 2568 163 2572 ’
208 2539 415 2624 Scipionibus
440 2542 592 2607 adversus
610 2541 895 2628 Carthaginienses
915 2547 1023 2629 gestas
1044 2543 1199 2627 continet,
1222 2565 1241 2606 a
1262 2543 1381 2628 quibus

209 2629 341 2715 Syphax
363 2654 420 2696 rex
441 2630 615 2697 Numidiae
637 2633 672 2697 in
695 2632 872 2697 amicitiam
895 2632 1050 2716 adscitus,
1074 2631 1129 2717 qui
1152 2655 1171 2696 a
1196 2629 1381 2698 Masanissa

208 2718 439 2805 Massyliorum
470 2742 547 2807 rege
575 2744 634 2806 pro
663 2719 987 2808 Carthaginiensibus
1018 2723 1184 2806 pugnante
1211 2720 1319 2786 victus
1347 2722 1382 2785 in

157 2825 190 2874 15
208 2808 404 2893 Hispaniam
437 2811 478 2874 ad
507 2810 690 2895 Scipionem
720 2833 793 2876 cum
824 2832 944 2895 magna
975 2833 1074 2876 manu
1104 2809 1235 2874 transiit
1266 2816 1381 2876 contra

211 2896 326 2984 Gades,
349 2900 406 2964 ubi
429 2904 567 2985 angusto
589 2899 673 2964 freto
692 2899 805 2963 Africa
824 2905 856 2964 ct
873 2899 1034 2984 Hispania
1057 2899 1259 2964 dirimimtur.
1295 2897 1382 2980 [Cel-

208 2987 307 3052 tiberi
325 3010 451 3072 quoque
464 2989 500 3051 in
515 2988 688 3052 amicitiam
707 2988 828 3070 recepti
846 2993 931 3073 sunt,
950 3011 1085 3074 quorum
1105 2987 1231 3052 auxiliis
1246 2988 1381 3054 adscitis

208 3080 285 3140 tunc
303 3077 441 3160 primum
460 3077 716 3140 mercennarium
729 3076 866 3140 militem
879 3075 1028 3142 Romana
1047 3080 1152 3141 castra
1169 3076 1381 3160 habuerunt]
