2888 4800
181 233 226 296 46
284 245 288 253 ·
558 233 670 288 crasa
688 233 800 288 xxnn.
821 233 900 289 ore.
919 241 962 290 ee.
1199 258 1218 288 2
1237 259 1260 290 e
1279 259 1299 290 0.
1319 249 1371 291 aa

146 399 276 461 averet
309 396 449 460 exilium.
490 418 529 460 ea
560 418 633 460 cum
666 395 707 460 ad
740 417 774 460 se
808 418 934 481 quoque
962 396 1064 460 veniri
1091 396 1286 478 praescisset
1332 396 1370 461 in

184 484 361 548 sacrarium
390 484 430 547 ad
459 489 593 567 penates
616 485 764 569 confugit
787 507 860 550 cum
883 485 1007 549 duabus
1029 484 1160 548 filiabus
1183 484 1370 568 virginibus

147 572 335 640 sresolutis
369 573 511 637 crinibus
544 572 786 656 miserabilique
818 573 882 637 alio
915 573 1031 637 habitu
1059 578 1092 637 et
1115 573 1156 636 ad
1179 595 1217 636 ea
1240 573 1373 638 addidit

181 682 294 744 preces
322 683 408 725 nunc
431 683 489 744 per
512 663 595 743 deos,
617 682 699 726 aune
715 682 775 743 per
796 662 988 726 memoriam
1006 661 1158 725 Hieronis
1178 661 1280 744 patris
1303 661 1369 726 Ge·

182 749 331 832 lonisque
353 748 482 828 fratris,
505 771 547 813 ne
571 771 604 813 se
623 749 790 814 innoxiam
809 750 933 814 invidia
946 749 1142 833 Hieronymi
1161 750 1366 834 conflagrare

146 856 163 904 4
183 838 344 902 sinerent:
376 837 461 901 nihil
486 860 519 901 se
543 860 582 901 ex
604 858 705 922 regno
729 838 817 902 illius
840 842 969 922 praeter
993 838 1126 902 exilium
1149 838 1211 901 viri
1233 838 1369 923 habere,

181 947 286 1010 neque
318 925 484 990 fortunam
516 948 608 990 suam
641 927 778 991 eandem
809 929 883 991 vivo
906 926 1109 1010 Hieronymo
1138 925 1239 990 fuisse
1268 948 1369 1010 quam

147 1033 163 1081 ὁ
184 1015 318 1097 sororis,
341 1036 446 1098 neque
469 1015 639 1079 interfecto
662 1037 700 1080 eo
720 1037 852 1080 oausam
871 1015 1006 1080 eandem
1026 1037 1105 1079 csse.
1142 1015 1242 1099 quid?
1268 1017 1370 1100 quod,

184 1103 212 1167 si
236 1102 473 1168 Andranodoro
497 1103 633 1168 consilia
656 1105 902 1187 processissent,
925 1104 984 1168 illa
1007 1125 1079 1168 cum
1102 1104 1171 1168 viro
1194 1103 1295 1167 fuerit
1317 1126 1372 1182 re-⁴

148 1195 338 1276 agnatum,
372 1192 435 1255 sibi
458 1213 529 1255 cum
554 1192 668 1256 ceteris
692 1193 905 1257 serviendum.
942 1193 1066 1277 siquis
1090 1190 1213 1275 Zoippo
1235 1193 1371 1257 nuntiet

182 1280 392 1343 interfectum
414 1279 652 1363 Hieronymum
680 1302 718 1344 ac
745 1280 901 1345 liberatas
925 1280 1116 1364 Syracusas,
1149 1281 1200 1344 cui
1229 1280 1366 1346 dubium

182 1389 266 1452 esse,
296 1369 374 1451 quin
398 1368 558 1451 externplo
582 1390 817 1434 conscensurus
841 1371 885 1434 sit
907 1391 1023 1434 navem
1047 1374 1143 1452 atque
1165 1369 1200 1432 in
1221 1369 1367 1451 patriam

147 1456 366 1525 traditurus?
403 1463 561 1541 quantum
594 1479 667 1541 spes
699 1458 868 1522 hominum
899 1458 984 1522 falli!
1021 1459 1056 1522 in
1088 1458 1227 1522 liberata
1258 1459 1368 1540 patria

181 1546 352 1630 coniugem
385 1545 452 1609 eius
482 1567 519 1610 ac
546 1546 666 1611 liberos
699 1546 738 1610 de
762 1547 829 1610 rita
852 1547 1004 1611 dimicare
1028 1583 1070 1592 -
1094 1545 1171 1630 quid
1195 1546 1368 1610 obstantes

148 1635 330 1702 alibertati
354 1636 411 1698 aut
433 1634 583 1718 legibus?
622 1635 707 1719 quod
731 1636 773 1699 ab
797 1656 831 1699 se
854 1636 1004 1718 cuiquam
1027 1635 1218 1718 periculum,
1251 1657 1271 1698 a
1294 1636 1368 1700 sola

187 1744 224 1786 ac
242 1744 343 1806 prope
362 1723 460 1786 vidua
479 1726 511 1786 et
529 1723 646 1806 puellis
666 1724 701 1787 in
720 1724 861 1788 orbitate
880 1724 1071 1809 degentibus
1091 1722 1185 1788 esse?
1223 1726 1258 1786 at
1277 1723 1366 1787 enim

180 1811 314 1894 periculi
349 1811 478 1894 quidem
509 1811 593 1875 nihil
625 1812 666 1875 ab
700 1833 734 1876 se
766 1812 887 1896 timeri;
920 1812 1060 1877 invisam
1088 1815 1199 1876 tamen
1228 1812 1367 1894 stirpem

146 1898 306 1984 aregiam
339 1920 418 1962 esse.
455 1899 645 1983 ablegarent
677 1922 754 1986 ergo
782 1902 894 1984 procul
925 1901 966 1965 ab
995 1900 1161 1983 Syracusis
1190 1897 1366 1983 Siciliaque

216 2115 241 2162 2.
262 2109 294 2162 in
311 2110 466 2164 sacrarium
485 2110 522 2163 od
531 2110 656 2180 penates]
676 2127 697 2164 s.
713 2127 746 2163 zu
800 2111 865 2166 sehr
891 2109 1085 2180 gewohnlichc
1110 2109 1192 2162 Form
1221 2108 1269 2162 des
1293 2108 1368 2162 Aus-

181 2185 224 2247 23,
243 2186 268 2234 8.
800 2182 913 2249 drucks,
928 2198 1009 2234 wenn
1023 2180 1072 2233 der
1086 2179 1163 2249 Conj.
1178 2179 1273 2247 Plusq.
1288 2181 1366 2234 noch

218 2251 330 2317 filiabus
354 2251 523 2331 cirpiaibua]
549 2250 629 2305 nicht
656 2251 745 2305 selten
800 2252 904 2306 einmal
922 2252 994 2319 (hier
1011 2267 1117 2320 wegen,
1128 2251 1177 2304 der
1191 2267 1229 2304 or.
1245 2251 1313 2318 obl.)
1334 2254 1365 2304 in

180 2321 244 2390 fuge
267 2321 317 2374 der
335 2320 468 2375 Laleiner
492 2338 538 2375 em
557 2320 649 2375 Subst.
672 2339 745 2391 ganz
799 2323 853 2377 den
878 2321 955 2392 Conj.
981 2340 1015 2375 au
1040 2322 1142 2375 stellen
1166 2321 1203 2375 ist
1228 2322 1260 2388 (s.
1281 2326 1296 2386 ξ
1318 2325 1367 2390 12)

180 2393 234 2445 wie
258 2391 303 2445 ein
321 2391 386 2460 Adj.
406 2391 618 2445 attributivisch
640 2409 677 2446 an
700 2393 746 2446 ein
799 2393 906 2448 erklart
923 2393 987 2448 {sich
1006 2409 1056 2447 aus
1075 2391 1181 2446 Stellen
1200 2392 1253 2446 wie
1271 2392 1299 2459 5,
1318 2399 1364 2463 53,

181 2461 298 2516 anderes
313 2462 417 2529 Subst,
437 2478 466 2515 so
481 2461 513 2516 L.
530 2460 555 2528 1,
570 2469 614 2530 26,
633 2469 648 2516 2
668 2478 745 2517 soror
799 2471 815 2518 9
839 2465 911 2533 quod
933 2465 1038 2533 seopeli
1060 2464 1166 2531 facturi
1189 2463 1310 2529 fuimus,
1338 2465 1366 2517 si

179 2534 264 2601 oiryo.
310 2532 361 2601 21,
385 2537 417 2599 5,
443 2538 460 2586 4
490 2534 577 2588 victor
601 2536 742 2591 moritus.
798 2537 876 2590 aedes
900 2540 1010 2590 nostroe
1035 2536 1230 2603 detloyrosseot
1254 2534 1304 2587 boc
1330 2536 1366 2588 in

179 2603 226 2671 21,
245 2609 293 2670 39,
308 2609 324 2657 3
344 2605 478 2658 exemtus
492 2606 554 2660 tiro.
588 2605 743 2659 Bosonders
794 2606 906 2675 publico
924 2607 1051 2661 incendio
1069 2606 1192 2660 aoioersi
1205 2621 1366 2660 recusamus

179 2675 281 2729 dienen
305 2675 501 2730 Verbalsubst.
530 2675 580 2729 auf
604 2695 658 2731 —o
686 2677 743 2730 und
796 2673 1365 2743 focemehensoinderlnfinitiv·00nstr.

180 2761 246 2800 -or
264 2746 349 2811 darn,
366 2745 523 2815 Participia
540 2765 575 2800 zu
593 2750 742 2816 vertreten,
796 2755 977 2818 repostorem
994 2750 1088 2816 fuisse

180 2836 202 2872 z.
222 2819 252 2871 B.
279 2818 310 2886 1,
330 2823 378 2883 28,
406 2823 420 2870 1
447 2819 582 2873 moritus
608 2825 743 2887 spectator
834 2827 858 2875 7.
877 2821 945 2889 quid
961 2818 1108 2888 obstantes]
1123 2818 1191 2886 qaid
1203 2816 1365 2872 rhetorisch

180 2889 335 2943 certaminis
360 2889 474 2958 (ebenso
499 2888 545 2955 25,
572 2895 597 2957 9,
623 2893 659 2956 2).
696 2888 741 2958 21,
797 2915 832 2936 =
845 2892 926 2957 nibil,
944 2891 1031 2944 daher
1045 2889 1298 2957 ohneAenderung
1312 2887 1364 2942 der

180 2966 222 3027 39,
241 2959 372 3014 ὅθαῑῑοε
396 2962 503 3014 accolas
523 2960 607 3014 Pedi.
633 2961 679 3029 21,
698 2967 742 3026 40,
797 2961 919 3027 Constr.;
939 2961 990 3014 wir
1008 2961 1048 3014 im
1062 2959 1223 3013 Deutschen
1242 2958 1295 3014 mit
1312 2960 1362 3013 be-

181 3037 212 3083 11
239 3046 300 3084 cum
325 3031 465 3098 foederum
489 3035 601 3099 raptore
626 3032 693 3085 duce
718 3036 743 3084 et
796 3033 943 3087 conderem
967 3031 1032 3084 Satz
1058 3030 1126 3083 ‘und
1150 3029 1223 3083 doeh
1245 3030 1274 3083 in
1292 3029 1363 3083 wel-

176 3102 288 3168 populo.
334 3101 384 3168 28,
415 3107 461 3169 19,
491 3107 525 3154 15
553 3102 670 3155 domitor
696 3102 743 3155 ille
797 3104 863 3157 cher
895 3101 1055 3168 Beziehung
1092 3100 1212 3154 standen
1248 3100 1288 3154 sie
1320 3099 1363 3153 im

178 3171 263 3224 totius
280 3171 439 3238 Hispaniae
457 3171 599 3225 exemtus.
636 3171 668 3225 In
688 3173 742 3225 den
796 3173 917 3241 Wege't

179 3241 284 3293 letzten
307 3240 407 3295 beiden
426 3240 585 3311 Beispielen
608 3242 679 3296 wird
697 3261 742 3295 zu·
834 3248 858 3298 8.
886 3261 905 3297 o
931 3242 1002 3311 solo]
1039 3258 1090 3295 vor
1117 3242 1167 3296 der
1193 3239 1363 3309 Apposition

181 3309 275 3380 gleich
307 3310 358 3363 der
384 3311 472 3365 durch
501 3312 562 3366 eine
591 3312 742 3382 einmalige
796 3314 866 3369 wird
885 3315 964 3369 sonst
982 3311 1027 3366 die
1045 3312 1128 3382 Prap.
1148 3310 1228 3366 nicht
1245 3311 1363 3365 wieder-

178 3380 254 3433 That
276 3380 351 3434 einer
369 3381 473 3436 Person
500 3383 545 3437 fur
566 3382 667 3439 immet
684 3384 742 3439 bei·
795 3385 872 3453 holt,
904 3385 966 3439 hier
993 3384 1107 3438 werden
1137 3381 1183 3436 die
1209 3381 1362 3452 folgenden

178 3452 290 3521 gelegte
322 3450 477 3506 Charakter
508 3454 681 3510 bezeichnet.
707 3485 742 3495 -
796 3456 896 3511 Worte
919 3455 971 3511 auf
991 3455 1068 3509 diese
1091 3453 1187 3509 Weise
1210 3471 1244 3506 zu
1267 3451 1360 3506 ciuem

177 3523 289 3589 filiabus
307 3522 417 3576 kommt
435 3523 482 3577 bei
490 3525 521 3578 L.
537 3544 589 3580 nur
603 3525 664 3582 hier
677 3543 741 3593 νοις
796 3528 969 3583 besonderen
988 3525 1146 3595 Satzgliede
1170 3523 1305 3590 erhoben,
1328 3522 1361 3576 in

178 3592 225 3661 88,
245 3598 289 3659 5⁷›
308 3600 324 3647 ²
343 3595 452 3648 duabus
469 3596 544 3661 filib·
796 3599 861 3654 dem
888 3616 960 3669 ange
981 3597 1052 3652 eben
1079 3597 1129 3663 ist,
1156 3595 1282 3650 weshalb
1305 3610 1361 3649 von

180 3665 611 3805 crubescamus
625 3667 743 3792 {sest
795 3668 942 3810 1111
961 3617 1190 3808 {gregem

493 3799 501 3807 ,
1017 3773 1028 3808 1
1183 3774 1202 3808 n
1264 3770 1361 3808 eman

177 3805 290 3886 ilerden
321 3806 409 3887 durch
441 3809 540 3894 etwas}
572 3807 622 3889 des
656 3808 742 3877 Orfer
795 3774 855 3881 sicii
879 3756 976 3880 titt
1001 3772 1229 3892 {ardiatina
1252 3843 1304 3879 nur
1331 3825 1360 3878 n

178 3892 254 3930 emes
267 3877 448 3930 bestimmten
456 3878 664 3932 Verheltmsses
673 3896 742 3934 wer·
795 3897 893 3952 peden
910 3914 966 3951 ,011
984 3896 1014 3951 Ι,
1034 3898 1227 3966 angewendey

178 3947 258 4031 {101st
282 3946 343 4001 elne
365 3946 478 4016 hlflfissss'
501 3947 649 4030 Memphef
673 3949 742 4016 (befl-
833 3975 858 4022 9.
878 3968 1047 4038 ableporeot]
1062 3968 1114 4021 wie
1125 3975 1168 4038 29,
1190 3975 1246 4022 lu.
1261 3971 1291 4035 5;
1307 3966 1361 4021 mit

177 4019 350 4143 seuseu
368 4019 742 4160 1131313111
797 4037 1359 4179 serbi,

331 4124 332 4128 ’
677 4134 683 4146 ·
816 4127 852 4164 en
903 4127 917 4162 r
947 4126 1000 4163 ea
1093 4129 1130 4165 iv.
1149 4124 1280 4177 scopare,
1305 4123 1359 4160 me

214 4167 240 4215 4·
258 4161 380 4244 cautam]
401 4178 422 4215 Β·
442 4167 538 4244 ²¹¹.²¹v
559 4167 581 4216 ¹·
796 4197 852 4236 von
884 4180 939 4234 den
971 4181 1187 4236 cannensischen
1212 4177 1358 4246 Legionen

215 4233 741 4304 51011111122100881133121]11111911·
797 4250 843 4320 25,
863 4256 889 4322 5,
908 4257 942 4305 10
952 4252 1128 4320 (Cannensis)
1146 4249 1280 4303 eccultus
1293 4248 1358 4301 rele-

213 4320 299 4386 suerit
312 4321 474 4392 reparatura]
490 4323 742 4392 stattreyoaotsset.
796 4328 877 4393 yetus
904 4324 937 4376 io
959 4322 1098 4388 Siciliam
1123 4320 1154 4374 in
1175 4317 1359 4389 Verbindnng

171 4389 261 4445 Dicae
276 4391 321 4445 bei
330 4393 454 4448 irrealen
463 4392 742 4466 Bedingungss'atzen
797 4393 850 4449 mit
871 4394 985 4448 exilium
1008 4413 1030 4449 z.
1050 4393 1080 4446 Β.
1099 4392 1126 4462 1,
1146 4398 1172 4458 4,
1192 4396 1208 4445 6
1231 4391 1299 4459 qaid
1321 4396 1360 4446 est
