2888 4800
79 263 101 290 a.
123 252 173 291 chr.
192 262 215 291 ι.
234 251 280 291 215.
480 235 590 288 LIBER
607 234 720 289 XXHII.
750 235 827 289 CAP.
847 243 871 290 6.
1219 236 1259 303 13

81 399 265 483 spectabat3
297 397 462 483 legatique
486 398 527 461 ad
552 395 772 461 Hannibalem
805 398 898 462 missi
925 420 963 462 ae
996 398 1123 463 remissi
1150 400 1190 463 ab
1220 418 1292 465 eoa

80 510 153 552 cum
184 485 370 551 Hannibale
401 485 505 550 nobili
539 486 743 549 adulescente
776 485 992 569 Hippocrates
1026 490 1058 551 et
1087 487 1258 570 Epicydes,
1295 549 1300 553 ,

80 575 150 640 nati
169 573 379 660 Carthagine,
403 575 458 638 sed
480 574 607 638 oriundi
626 574 667 638 ab
684 572 851 657 Syracusis
870 575 970 639 exule'
981 597 1051 657 avo,
1074 575 1181 639 Poeni·
1193 576 1258 658 ipsi

81 669 227 729 materno
257 685 383 749 genere.
428 684 485 746 per
512 663 573 727 hos
601 663 712 727 iuncta
739 662 875 726 societas
898 661 1077 728 Hannibali
1100 686 1137 728 ac
1161 662 1292 747 Syra-3

79 774 200 817 cusano
223 757 378 836 tyrann03
406 773 466 815 nec
488 751 591 816 invito
613 751 800 815 Hannibale
825 751 909 835 apud
933 754 1108 832 tyrannum
1132 775 1257 817 manse-

79 845 166 906 runt.
212 841 340 924 Appius
368 838 524 905 Claudius
552 843 696 923 praetor,
724 840 815 904 cuius
846 837 957 903 Sicilia
984 841 1151 922 provincia
1179 845 1294 924 erat‚4

80 930 137 994 ubi
161 952 199 993 ea
222 928 358 1012 accepit,
386 929 548 1011 extemplo
576 929 702 1012 legatos
731 928 771 992 ad
794 928 1031 1011 Hieronymum
1057 929 1156 994 misit.
1202 931 1257 1014 qui

80 1040 155 1082 cum
178 1039 248 1081 sese
267 1018 308 1080 ad
326 1016 550 1081 renovandam
565 1017 763 1098 societatem,
785 1039 867 1101 quae
887 1039 960 1080 curn
979 1039 1040 1081 avo
1059 1017 1183 1101 fuisset,
1206 1040 1257 1082 ve-

79 1106 168 1170 nisse
192 1106 348 1188 dicerent,
376 1127 433 1188 per
460 1104 636 1168 ludibrium
662 1104 763 1168 auditi
786 1105 974 1189 dimissique
998 1110 1074 1169 sunt
1098 1106 1139 1169 ab
1163 1128 1258 1190 quae-

79 1197 171 1258 rente
194 1216 252 1276 per
274 1194 380 1258 iocum
399 1193 610 1277 Hieronymo,
633 1215 715 1277 quae
739 1194 871 1258 fortuna
893 1195 939 1258 eis
963 1214 1092 1278 pugnae
1117 1195 1157 1258 ad
1176 1193 1292 1260 (lan-5

79 1304 139 1345 nas
171 1282 299 1346 fuisset:
332 1282 387 1346 vix
418 1282 583 1346 credibilia
613 1282 700 1345 enim
730 1283 856 1367 legatos
884 1283 1081 1347 Hannibalis
1112 1305 1257 1365 narrare3

79 1371 170 1454 velle,
196 1371 273 1454 quid
296 1371 364 1434 veri
388 1370 439 1454 sit,
464 1370 554 1453 scire,
576 1375 737 1454 uteres,
761 1375 868 1435 utram
887 1393 978 1455 spem
998 1375 1160 1455 sequatur,
1184 1394 1257 1436 con-

80 1459 190 1524 silium
213 1459 330 1543 capiat.
373 1458 521 1537 Romani,
546 1481 618 1524 curn
643 1461 726 1523 serio
750 1460 930 1545 legationes
955 1460 1065 1524 audire
1089 1461 1293 1544 coepisseta

79 1548 240 1612 redituros
264 1569 298 1611 se
322 1547 362 1611 ad
387 1570 458 1611 eum
484 1547 626 1612 dicentes
651 1569 728 1631 esse,
752 1551 876 1612 monito
895 1549 1000 1633 magis
1025 1570 1061 1612 eo
1086 1571 1182 1632 quam
1205 1571 1257 1613 ro·

80 1644 168 1721 gat0,
191 1658 231 1701 ne
254 1635 350 1700 fidem
374 1639 495 1700 temere
514 1639 662 1718 mutaret,
686 1636 939 1718 proficiscuntur.
975 1635 1195 1720 Hieronymus
1213 1638 1292 1704 le-7

80 1729 175 1808 gatos
199 1722 432 1808 Carthaginem
451 1723 541 1787 misit
559 1724 600 1787 ad
619 1723 731 1788 foedus
751 1745 790 1786 ex
808 1724 962 1788 societate
982 1747 1055 1789 curn
1073 1724 1257 1790 Hannibale

79 1816 176 1894 pacta
204 1811 399 1875 faciendum.
449 1813 613 1892 convenit,
643 1815 693 1894 ut,
725 1833 798 1875 cum
825 1812 991 1877 Romanos
1021 1812 1130 1878 Sicilia
1160 1837 1257 1897 expu-
1300 1886 1304 1895 ¹

79 1901 196 1964 lissent
218 1936 256 1945 -
277 1901 311 1963 id
330 1903 439 1964 autem
457 1899 548 1964 brevi
566 1899 647 1984 fore,
670 1901 698 1963 si
715 1923 815 1965 naves
835 1905 931 1986 atque
955 1903 1128 1966 exercitum
1152 1904 1257 1967 misis-

79 1993 153 2053 sent
174 2025 228 2072 —‚
250 1986 389 2052 Himera
412 1988 527 2074 amnis,
553 1987 608 2072 qui
630 1989 732 2052 ferme
756 1988 872 2054 dividit
894 1991 1045 2075 insulam,
1067 1992 1141 2055 finis
1164 1991 1258 2075 regni

79 2076 276 2161 Syracusani
300 2099 337 2141 ac
360 2076 474 2153 Punici
497 2077 626 2161 imperii
649 2081 743 2142 esset.
789 2078 888 2142 aliam
912 2078 1024 2142 deinde
1047 2079 1178 2142 inflatus
1203 2080 1256 2143 ad·
1277 2099 1292 2147 8

79 2165 318 2231 sentationibus
338 2187 461 2248 eorum,
485 2166 540 2248 qui
565 2188 638 2229 eum
656 2189 723 2231 non
742 2165 894 2230 Hieronis
913 2170 1043 2231 tantum
1062 2167 1118 2231 sed
1137 2167 1258 2251 Pyrrhi

78 2341 118 2394 rm
151 2342 212 2395 aas.
245 2340 439 2394 umschrieben
471 2339 549 2395 was.
591 2339 642 2394 Ber
695 2341 811 2408 semaa,
831 2343 931 2410 ecquos
948 2343 1060 2408 saraa
1077 2358 1181 2412 quoque
1195 2305 1256 2414 asy-

79 2411 232 2479 Personen‚
255 2412 301 2466 die
321 2413 407 2465 etwas
431 2410 488 2479 (ein
512 2409 581 2477 Ziel)
601 2410 641 2464 im
696 2413 753 2466 lam
771 2414 949 2480 aperuissent.

79 2484 159 2552 Auge
173 2484 275 2551 haben,
291 2482 367 2536 steht
380 2488 501 2550 spectare
512 2481 565 2536 mit
574 2483 640 2536 Aac.
732 2489 756 2536 5.
784 2483 861 2553 celle]
886 2484 958 2538 ohne
976 2500 1011 2539 se.
1048 2484 1110 2540 niv.
1134 2485 1206 2540 lasst
1228 2486 1258 2539 in

80 2553 147 2607 oder
166 2554 210 2607 ud.
695 2553 745 2608 der
767 2553 873 2610 Const.
900 2555 949 2608 des
968 2556 1067 2610 Aecus.
1092 2574 1115 2613 c.
1134 2556 1184 2612 inf.
1207 2557 1257 2610 das

115 2629 140 2675 2.
159 2623 247 2693 missi]
266 2623 311 2677 die
326 2640 380 2678 von
393 2622 579 2692 Hieronymus
593 2640 640 2692 ge·
696 2623 979 2694 Subjeetspronomen
996 2642 1024 2680 se
1043 2627 1085 2681 oft
1098 2644 1149 2681 aus
1163 2630 1217 2697 (30,
1230 2635 1256 2682 4.

79 2693 232 2768 sohiclrten¹
252 2692 414 2747 Gesandten
440 2711 534 2748 waren
559 2694 640 2762 Poly·
695 2700 738 2761 48,
758 2698 799 2762 6),
816 2696 991 2749 namentlich
1008 2697 1055 2750 bei
1072 2699 1138 2751 celle
1156 2699 1210 2767 (23,
1230 2701 1267 2764 8)’
1319 2752 1321 2754 ,

80 2763 184 2818 kleitos
203 2781 253 2818 aus
267 2764 377 2832 Kyrene
391 2763 449 2816 und
462 2763 641 2817 Philodemos
695 2765 753 2818 und
770 2765 846 2818 beim
865 2766 916 2821 Ins.
935 2767 998 2820 Fut.
1018 2767 1094 2833 Act,
1119 2784 1163 2821 wo
1182 2768 1257 2821 donn

82 2834 128 2889 ein
160 2835 288 2905 Argiver.
335 2834 391 2888 Der
427 2833 641 2903 mitgeschickte
694 2835 724 2888 in
743 2835 792 2887 der
806 2835 896 2903 Regel
914 2837 986 2890 auch
1003 2853 1056 2890 esse
1074 2837 1158 2905 fehlt;
1178 2856 1197 2891 s.
1215 2844 1257 2905 14,

79 2904 230 2972 Hannibal,
258 2905 380 2959 welchcr
403 2903 551 2959 Trierarch
573 2920 641 2972 war,
696 2912 720 2959 6.
741 2911 765 2959 7.
785 2911 828 2972 22,
847 2912 863 2958 3
883 2907 941 2959 und
960 2907 1009 2961 oft.

79 2975 188 3030 seheint
205 2976 250 3030 die
269 2975 465 3044 Bestimmung
483 2975 589 3044 gehabt
608 2993 641 3029 au
730 2981 823 3030 utram
845 2992 918 3044 spem
940 2977 1004 3047 sea]
1031 2978 1095 3031 sehr
1117 2978 1186 3031 kura
1208 2996 1256 3048 ge-

79 3048 181 3113 haben,
195 3047 328 3101 w'ahrend
343 3047 392 3100 das
404 3045 582 3114 Briiderpaar
594 3045 641 3100 bei
694 3047 766 3101 fasst
780 3049 851 3102 statt
867 3048 999 3103 ‘welcher
1008 3048 1103 3103 Partei
1118 3065 1148 3103 er
1161 3050 1258 3117 folgen

79 3118 266 3188 Hieronymus
279 3118 365 3185 blieh,
380 3111 645 3186 spaterdieRatifi-
695 3119 765 3172 sollo
793 3120 850 3172 und
878 3136 933 3173 von
960 3119 1081 3174 welcher
1110 3137 1140 3174 er
1170 3121 1258 3174 durch

80 3189 174 3243 cation
203 3189 251 3242 des
274 3188 438 3257 Vertrages‚
465 3188 640 3243 welcher‘in
695 3189 791 3244 seinen
814 3190 968 3244 Aaschluss
992 3193 1078 3245 etwas
1104 3209 1138 3245 au
1163 3191 1258 3246 hoffcn

79 3261 212 3315 Aussicht
237 3260 331 3324 stand,
359 3259 389 3313 in
413 3258 555 3327 Carthago
578 3277 640 3328 per·
694 3260 790 3314 habe’.

79 3330 188 3385 sonlich
215 3349 250 3383 zu
267 3331 472 3384 beflirworten.
509 3329 562 3384 Die
585 3335 639 3395 §⁷
732 3339 755 3387 6.
775 3332 847 3402 cum]
870 3332 984 3386 ‘wann'.

81 3402 243 3455 erwahnten
266 3399 426 3455 Gesandten
451 3401 588 3470 begleitet
610 3417 641 3454 er
730 3403 848 3456 dieentes
865 3403 930 3473 ecce]
951 3405 1013 3458 eine
1032 3404 1096 3459 dem
1113 3405 1173 3460 Liv.
1194 3407 1257 3460 sehr
1360 3456 1365 3466 ,

80 3472 219 3526 demnach
241 3490 276 3524 zu
299 3471 405 3525 diesem
428 3471 557 3538 Zwecke,
582 3470 640 3525 und
695 3473 1050 3544 gelaufigeNachstellung
1064 3475 1113 3529 des
1127 3477 1257 3531 tonlosen

80 3560 111 3596 so
132 3542 203 3595 wird
226 3541 271 3595 die
295 3544 346 3596 auf
365 3542 473 3596 blosser
491 3542 640 3596 Ueberein·
694 3543 752 3595 und
771 3543 870 3596 darum
891 3543 933 3597 oft
956 3545 1170 3612 ausgelassenen
1189 3547 1255 3601 Ver·

79 3612 163 3666 kunft
180 3613 339 3667 beruhende
361 3613 474 3666 secedas
497 3629 530 3664 au
550 3610 640 3664 einem
695 3612 776 3666 bums
794 3629 863 3677 essa·
881 3631 902 3667 s.
921 3632 955 3667 zu
974 3619 989 3679 ς
1007 3621 1033 3669 5.

80 3680 207 3736 feierlich
232 3683 446 3749 geschlossenen
471 3681 567 3748 foedus
592 3682 641 3735 der
731 3684 811 3749 fidere
828 3685 906 3755 mua]
923 3685 979 3754 vgl.
995 3684 1040 3754 22,
1051 3693 1094 3753 22,
1112 3694 1127 3741 6
1146 3687 1256 3742 Abelux

82 3751 206 3806 Staaten.
695 3771 756 3808 eum
773 3755 888 3822 fatuea
905 3761 1059 3812 mutaverat
1076 3759 1163 3825 fidere.

116 3823 194 3876 exule
212 3823 275 3893 ovo]
295 3823 334 3877 ist
351 3822 414 3877 Abl.
434 3824 492 3878 abs.
732 3832 754 3878 7.
774 3826 871 3891 foedae
889 3843 922 3880 ea
940 3843 992 3881 soc.
1025 3846 1045 3884 s.
1065 3834 1081 3893 ς
1099 3835 1124 3883 3.

116 3900 140 3948 4.
160 3894 272 3962 Appiam
291 3894 438 4018 mammii]
459 3895 585 3948 Pulcher.
729 3897 848 3951 Himera
861 3898 962 3969 amaia]
1002 3900 1042 3954 ies
1055 3899 1099 3954 die
1115 3902 1255 3969 gewdhnl.

115 3964 312 4034 renovandam]
336 3966 385 4019 der
436 3965 503 4034 bnig
524 3967 641 4020 Perseus
695 3967 833 4037 Stellung.

80 4036 204 4091 schreibt
229 4055 251 4089 a.
269 4036 301 4088 B.
328 4033 382 4103 42,
402 4041 448 4104 25,
470 4042 503 4089 10
531 4051 568 4089 an
594 4036 640 4091 die
730 4038 842 4107 dividit]
858 4037 943 4092 naml.
956 4040 1068 4095 inawei
1081 4042 1138 4095 fast
1151 4043 1253 4109 (serrae)

79 4107 195 4161 Homer:
213 4108 310 4174 foedas
328 4108 587 4175 compunctorum
602 4108 641 4161 od
695 4107 805 4178 gleiche
823 4109 952 4177 Halften3
989 4112 1090 4166 ebenso
1113 4111 1184 4165 wird
1209 4111 1255 4179 23,

79 4195 107 4232 se
125 4179 197 4232 nibil
210 4178 448 4248 pertinere5idse
463 4179 639 4232 reuocari-
695 4184 738 4246 17,
755 4186 787 4232 10
806 4183 907 4250 gesagt
925 4181 1090 4250 (Cosilinum
1110 4182 1255 4252 Volturno)

75 4265 199 4318 pasalan.
694 4251 831 4308 dividitur
850 4253 934 4306 amai.

116 4321 151 4374 ab
175 4320 328 4390 quaerente]
360 4318 426 4372 ‘mit
450 4319 500 4373 der
522 4319 640 4390 Frage’;
730 4326 756 4375 8.
786 4321 924 4393 Pyrrhus]
951 4323 981 4380 P.
1008 4341 1066 4379 war
1089 4323 1255 4380 Grossvater

79 4391 136 4459 vgl.
151 4391 178 4460 1,
192 4398 217 4459 9,
232 4396 248 4445 5
269 4409 287 4446 a
300 4392 439 4461 plerisque
456 4392 641 4461 recitantibus
695 4393 744 4446 des
764 4392 965 4463 Hieronymus,
991 4395 1031 4450 da
1047 4395 1119 4449 Gelo
1141 4395 1264 4447 dre&-
