2888 4800
189 225 232 290 52
549 225 660 282 LIBER
678 226 791 282 XXIIII.
810 226 897 282 cAP.
917 232 959 281 30.
1199 253 1220 282 ι.
1237 252 1261 282 a
1280 252 1300 282 ο.
1320 243 1372 284 seo.

189 389 305 455 bitrari
332 409 510 474 superesse,
542 389 703 473 direptam
731 390 856 469 urbem,
888 390 974 454 bona
1001 389 1209 473 locupletium
1232 390 1370 456 donata.

155 479 231 543 sad
253 479 404 542 nuntium
427 482 495 542 tam
520 482 662 543 atrocem
685 479 833 543 constitit
855 498 984 563 agmen,
1007 477 1239 562 concitatisque
1258 480 1368 543 omni·

189 567 249 631 bus
277 566 371 631 duces
395 603 438 613 -
462 570 557 632 erant
586 571 694 631 autem
718 565 806 632 Sosis
830 588 867 632 ec
890 567 1088 631 Dinomenes
1114 599 1165 651 ·-,
1187 567 1264 650 quid
1288 589 1368 653 ege·

154 658 275 738 erent,
307 655 544 721 consultabant
588 656 722 721 terroris
755 655 895 739 speciem
927 655 1014 719 haud
1044 676 1160 720 vanam
1193 656 1367 722 mendacio

187 745 404 827 praebuerant
434 745 594 809 verberati
626 766 663 810 cc
692 745 797 809 securi
826 745 969 828 percussi
996 744 1199 830 transfugae,
1226 745 1268 809 ad
1298 746 1366 812 duo

154 850 170 899 7
190 832 282 897 milia
293 833 475 917 hominum3
495 838 635 898 ceterum
649 832 881 899 Leontinorum
894 832 1098 916 militumque
1113 834 1251 898 aliorum
1265 855 1367 900 nemo

188 925 264 1005 post
293 931 421 1006 captam
451 923 563 987 urbem
592 923 732 988 violatus
762 922 882 1006 fuerat,
915 942 1036 1006 suaque
1067 923 1176 986 omnia
1203 922 1265 1006 eis,
1298 923 1368 988 nisi

190 1032 272 1094 quae
299 1012 421 1094 primus
448 1012 607 1076 turnultus
631 1016 744 1095 captae
767 1012 855 1076 urbis
879 1011 1114 1093 absumpserat,
1146 1011 1367 1076 restitueban-

155 1117 171 1166 8
190 1103 251 1164 tur.
288 1121 347 1164 nec
370 1103 406 1163 ut
424 1098 601 1166 Leontinos
624 1101 722 1184 irent,
744 1100 890 1183 proditos
914 1099 952 1163 ad
977 1099 1106 1163 caedem
1125 1100 1366 1166 commilitones

191 1192 373 1273 querentes,
404 1189 539 1272 perpelli
561 1193 708 1272 potuere,
741 1210 800 1253 nec
819 1192 856 1253 ut
874 1186 986 1252 eodem
1004 1188 1075 1252 loco
1095 1189 1262 1253 certiorem
1281 1210 1367 1254 nun-

154 1277 271 1344 ctium
299 1279 513 1362 expectarent.
550 1299 622 1343 cum
650 1278 690 1342 ad
713 1276 926 1342 defectionem
948 1276 1123 1360 inclinatos
1146 1277 1273 1342 animos
1297 1299 1365 1343 cer-

190 1370 306 1431 nerent
336 1370 517 1450 praetores,
550 1366 605 1431 sed
635 1389 708 1431 eum
738 1371 863 1431 motum
894 1364 980 1428 haud
1009 1365 1195 1429 diuturnum
1218 1365 1302 1450 fore,
1335 1368 1366 1431 si

139 1471 171 1521 10
190 1454 286 1520 duces
315 1456 474 1520 amentiae
505 1456 625 1520 sublati
652 1458 772 1539 essent,
804 1454 977 1519 exercitum
996 1453 1118 1518 ducunt
1130 1453 1278 1539 Megara,
1301 1455 1367 1539 ipsi

191 1566 264 1608 cum
286 1545 398 1627 paucis
423 1545 586 1629 equitibus
605 1544 786 1609 Herbesum
808 1543 1057 1628 proficiscuntur
1080 1564 1138 1625 spe
1156 1544 1277 1607 territis
1298 1566 1367 1608 om·

138 1649 170 1697 11
189 1633 286 1697 nibus
313 1655 371 1716 per
398 1634 615 1718 proditionem
644 1633 733 1698 urbis
755 1632 940 1717 potiundae.
984 1631 1070 1714 quod
1093 1632 1149 1695 ubi
1172 1631 1295 1695 frustra
1318 1633 1367 1697 eis

190 1720 251 1785 fuit
282 1722 457 1805 inceptum,
489 1722 522 1786 vi
555 1721 715 1807 agendum
745 1721 808 1785 rati
837 1725 969 1804 postero
1001 1719 1051 1784 die
1082 1719 1225 1804 Megaris
1255 1725 1368 1786 castra

137 1827 170 1876 12
189 1813 334 1893 movent,
353 1814 389 1874 ut
402 1809 584 1875 Herbesum
598 1811 747 1876 omnibus
762 1811 863 1893 copiis
879 1812 1112 1894 oppugnarent
1145 1808 1367 1892 Hippocrates

190 1901 222 1962 et
243 1897 419 1982 Epicydes,
448 1921 514 1963 non
546 1904 614 1963 tarn
643 1902 750 1964 tutum
780 1898 885 1983 prima
915 1897 1019 1981 speeie
1049 1919 1147 1981 quam
1176 1920 1276 1961 unum
1309 1920 1368 1982 spe

190 1986 331 2071 undique
355 1988 481 2052 abscisa
504 1988 674 2053 consilium
698 2009 767 2052 esse
791 1988 866 2071 rati,
899 1990 936 2051 ut
959 2008 993 2050 se
1017 1985 1173 2050 militibus
1196 1987 1366 2070 permitte·

189 2079 263 2140 rent
285 2079 318 2140 et
341 2076 482 2141 adsuetis
505 2099 625 2164 magna
648 2099 687 2142 er
709 2080 803 2161 parte
827 2076 889 2140 sibi
908 2080 941 2140 et
958 2079 1027 2139 tum
1046 2074 1134 2138 fama
1153 2074 1265 2140 caedis·
1278 2095 1367 2140 com·

137 2183 170 2232 13
190 2164 374 2229 militonum
407 2166 563 2244 accensis,
598 2166 726 2231 obviam
760 2164 882 2250 agmini
913 2162 1099 2247 procedunt.
1144 2164 1248 2246 prima
1280 2164 1368 2230 forte

191 2253 284 2338 signa
317 2257 535 2318 sescentorum
558 2251 760 2318 Cretensium
791 2255 897 2335 erant,
929 2251 984 2336 qui
1016 2251 1101 2334 apud
1128 2251 1367 2336 Hieronymum

190 2345 373 2406 meruerant
403 2342 463 2415 sub
494 2342 540 2406 eis
572 2346 604 2406 et
626 2341 819 2406 Hannibalis
849 2339 1045 2406 beneficium·
1063 2340 1243 2423 habebant,
1276 2343 1369 2426 capti

140 2449 173 2498 14
193 2429 234 2493 ad
257 2429 514 2494 Trasumennum
541 2431 626 2495 inter
648 2430 870 2495 Romanorum
898 2428 1017 2494 auxilia
1040 2429 1237 2513 dimissique.
1282 2452 1368 2514 quos

191 2518 247 2582 ubi
287 2541 325 2582 ex
362 2519 464 2603 signis
504 2541 727 2604 armorumque
763 2519 878 2583 habitu
915 2538 1106 2603 cognovere,
1149 2517 1368 2601 Hippocrates

163 2747 166 2751 ,
227 2694 341 2765 donato]
362 2694 406 2748 die
426 2694 532 2763 Ellipse
550 2696 599 2750 des
618 2712 666 2750 aus
685 2696 749 2749 dem
804 2694 1010 2748 circunsedentc
1024 2709 1084 2747 enn
1094 2693 1217 2755 Bruttiis
1226 2709 1270 2748 eos
1283 2695 1367 2748 etium

191 2765 450 2836 Zuaammenhange
486 2785 521 2820 zu
560 2766 751 2836 ergbnzenden
799 2766 879 2834 plebe
900 2781 959 2819 ena.
996 2763 1046 2831 25,
1066 2769 1113 2832 24,
1133 2770 1165 2818 13
1189 2781 1259 2833 qnae
1275 2765 1365 2820 oirtne

191 2836 290 2890 Dativs
305 2838 406 2893 nthert
420 2837 469 2891 das
486 2839 614 2893 absolute
629 2837 751 2893 Verbum
804 2837 830 2891 ei
847 2838 1012 2904 fortnnuqne
1029 2851 1082 2889 sno
1102 2836 1219 2891 dederat·

191 2908 370 2962 donurehier
383 2925 510 2963 anserem
528 2909 750 2964 ‘verschenken’.
841 2914 866 2963 8.
896 2907 1023 2975 proditos
1047 2905 1095 2976 od]
1121 2906 1178 2975 vgl.
1198 2906 1243 2976 26,
1265 2913 1310 2973 12,
1332 2912 1364 2960 11

192 2979 293 3033 Solche
320 2981 529 3048 Auslassungen
558 2980 620 3034 sind
647 2978 693 3034 bei
719 2980 750 3033 L.
805 2995 832 3032 se
852 2994 956 3047 quoqne
975 2979 1008 3030 c'n
1029 2978 1117 3030 onnia
1139 2980 1280 3032 eruciatus
1298 2994 1365 3046 pro-

191 3049 299 3118 htufig3
330 3069 351 3102 c.
376 3051 406 3105 Β.
435 3056 486 3114 31,
509 3057 524 3104 2
555 3052 679 3119 pervasit
704 3067 751 3103 rn-
806 3050 877 3104 ditos
895 3048 1067 3102 incusabant.

191 3136 249 3175 nor
267 3119 446 3174 ‘verbreitete
464 3120 535 3174 sich'
552 3123 577 3176 d.
589 3121 630 3189 G,
647 3120 752 3189 cigent-
843 3125 868 3173 9.
887 3118 958 3188 fore]
977 3136 1011 3170 zu
1029 3118 1088 3184 fore
1105 3117 1143 3171 ist
1160 3135 1209 3173 aus
1228 3125 1366 3173 cernerent

192 3191 249 3244 lich
268 3191 376 3244 ordines
392 3191 514 3257 pervasit
531 3209 554 3245 r.
574 3191 638 3259 (wie
657 3196 699 3257 39,
714 3194 749 3257 8).
805 3189 851 3244 ein
881 3190 1063 3258 intelleyerent
1100 3189 1167 3243 oder
1202 3189 1364 3245 schwtcher

192 3260 239 3327 80,
263 3265 313 3327 30,
333 3266 367 3314 20
394 3276 529 3329 nncqnarn
556 3263 648 3316 minna
670 3278 752 3330 qnam
803 3265 935 3330 pntorent
953 3278 987 3313 zu
1005 3264 1150 3328 ergtnzen.
1366 3260 1371 3265 ’

191 3332 223 3384 a'n
249 3331 315 3385 delto
339 3337 449 3385 erantne
466 3333 641 3400 respondent:
680 3332 750 3386 ‘ent-
842 3337 883 3388 11.
906 3332 1014 3398 frnetra
1031 3331 1099 3401 fnit]
1119 3348 1177 3385 war
1197 3331 1363 3401 ‘erfolglosQ

191 3402 327 3472 sprechen
346 3402 395 3456 der
413 3403 599 3472 Erwartung'.
805 3401 868 3472 Vgl.
893 3403 960 3458 Sall.
980 3403 1045 3471 Jug.
1065 3408 1112 3470 93,
1133 3409 1147 3454 1
1176 3404 1281 3457 trabere
1303 3419 1366 3457 cnm

228 3480 252 3528 5.
281 3474 318 3527 ud
335 3473 476 3546 nuntium]
496 3492 517 3529 e.
536 3493 570 3528 zu
589 3479 631 3542 14,
650 3481 675 3528 9.
805 3475 910 3541 anino,
928 3475 1092 3528 omitteretne
1110 3474 1258 3543 inceptum,
1277 3489 1367 3542 qnon-

228 3551 252 3599 6.
282 3547 394 3600 terroris
411 3547 524 3614 speciem
541 3547 617 3600 band
637 3546 750 3618 oanan]
805 3548 862 3601 ian
882 3547 991 3613 frustra
1013 3549 1083 3610 erat3
1110 3544 1372 3611 auch61,1oidet'

193 3617 243 3670 das
265 3616 328 3686 Adj.
354 3633 454 3672 canum
478 3617 530 3672 hat
552 3617 612 3671 sich
635 3634 671 3671 an
693 3634 751 3686 epe-
804 3618 913 3684 frnctru
926 3615 1112 3686 inceptnneist
1125 3615 1365 3684 inceptnenSubat.

193 3688 258 3740 ciem
285 3688 514 3757 angeschlossen,
545 3687 610 3742 weil
641 3690 752 3742 terroris
841 3688 980 3758 Meparr'e]
1000 3704 1020 3742 s.
1040 3705 1073 3740 zu
1092 3692 1135 3754 12,
1153 3693 1178 3741 3.

192 3759 305 3826 speeiem
329 3758 370 3811 als
393 3758 439 3812 ein
457 3758 564 3828 Bcgriff
579 3778 613 3813 cu
631 3760 752 3814 nehmen
842 3766 884 3814 12.
908 3776 955 3828 epe
973 3757 1091 3828 werten]
1110 3758 1167 3827 vgl.
1187 3763 1273 3826 31,12
1292 3774 1365 3826 spem

192 3827 241 3893 ist;
270 3844 394 3896 genauer
417 3829 497 3883 hbtte
520 3830 580 3884 sich
599 3830 629 3883 L.
653 3847 752 3899 ausge-
802 3831 970 3900 praecidere.

193 3899 303 3967 dn'ickt,
316 3916 439 3954 wenner
451 3902 655 3970 gesagthtttte:
670 3906 751 3954 terro·
841 3902 984 3955 consilinm
1006 3899 1049 3969 nt]
1078 3897 1116 3952 ist
1143 3899 1204 3954 eine
1231 3899 1277 3954 bei
1302 3899 1366 3956 Liv.

193 3971 233 4024 rie
246 3971 322 4024 band
335 3971 402 4024 cuni
415 3972 543 4040 speciem
556 3973 607 4026 wir
621 3972 673 4026 mit
684 3972 751 4026 Ver·
806 3972 874 4041 (und
885 3971 992 4040 Cicero)
1007 3970 1085 4025 nicht
1099 3971 1206 4025 acltcne
1221 3971 1367 4025 Construc-

193 4041 351 4111 tauschung
370 4042 418 4096 der
437 4042 613 4098 Redetheile:
639 4043 752 4097 ‘Schein
805 4044 877 4110 tion;
903 4060 932 4097 so
952 4041 1025 4096 auch
1042 4043 1116 4096 nach
1133 4059 1155 4096 c.
1175 4058 1278 4110 cupere,
1297 4062 1320 4097 z.
1335 4043 1368 4099 B.

194 4112 395 4167 schrecklicher
413 4112 582 4169 Wahrheit'.
805 4114 852 4183 25,
878 4119 956 4181 34‚7
984 4115 1156 4168 temerarium
1183 4113 1253 4181 cepit
1280 4116 1367 4168 corcei-

231 4189 255 4238 7.
280 4185 343 4255 sno]
364 4185 440 4240 steht
457 4185 529 4239 auch
547 4184 577 4238 in
592 4185 753 4254 Beziehung
806 4186 882 4252 tinen,
901 4190 932 4239 nt
949 4191 1025 4239 nocte
1040 4185 1163 4239 Indebilc'
1181 4185 1288 4238 obviarn
1306 4187 1365 4241 iret.

195 4255 246 4308 auf
256 4255 337 4310 einen
352 4255 484 4325 obliquen
494 4255 578 4311 Casus
593 4258 660 4312 oder
673 4257 752 4311 fiber·
844 4263 884 4313 13.
913 4257 1069 4323 beneficium
1097 4255 1244 4326 habebant]
1272 4273 1367 4311 waren

194 4326 285 4396 haupt
302 4326 352 4380 auf
368 4327 423 4382 den
436 4327 564 4397 Besibcer,
584 4329 648 4382 dem
667 4330 751 4383 etwas
805 4327 845 4381 im
863 4327 954 4383 Besitz
978 4328 1054 4383 einer
1072 4327 1144 4394 W.;¹
1161 4327 1227 4381 wir:
1255 4326 1368 4382 ‘hatten

191 4398 236 4450 ale
252 4398 426 4468 Eigenthum
445 4401 591 4472 zngchdrt3
611 4419 633 4455 z.
648 4400 680 4454 Β.
695 4406 720 4470 3,
736 4404 751 4453 9
805 4398 865 4453 ihm
883 4419 917 4454 zu
937 4399 1068 4454 danken'.
