2888 4800
163 231 207 294 42
496 227 608 284 LIBER
625 227 739 284 XXIIII.
759 227 835 282 CAP.
856 233 898 291 23.
919 233 962 282 24.
1177 251 1197 281 ι.
1216 252 1239 317 a.
1258 251 1277 280 a.
1296 240 1352 284 540.

128 411 145 460 8
165 393 302 478 imperio
332 392 414 473 eius,
447 391 539 455 cuius
562 391 737 471 imperator
760 412 836 454 suus
855 389 1007 467 uoluerit.
1052 389 1133 452 velle
1158 388 1198 452 ad
1221 388 1353 454 Hanni-

164 483 271 546 balem
305 481 424 544 redire:
456 483 612 562 ceterum,
646 500 719 544 cum
749 479 811 543 iter
839 482 947 543 tutum
977 499 1045 542 non
1076 477 1121 541 sit
1149 478 1350 562 vagantibus

164 571 287 654 passim
310 591 368 652 per
390 572 496 633 totam
520 565 664 632 Siciliam
687 567 857 649 Romame,
885 571 1009 650 petere,
1032 568 1070 629 ut
1091 567 1245 648 praesidii
1268 567 1351 632 dent

166 659 300 743 aliquid,
325 678 388 742 quo
411 656 532 721 Locros
555 657 589 720 in
613 655 742 720 Italiam
766 655 994 739 perducantur.
1030 655 1171 740 gratiam
1194 676 1351 738 magnam

129 765 145 812 9
165 769 220 812 eos
250 769 352 830 parva
381 767 481 829 opera
511 745 596 828 apud
619 744 840 809 Hannibalem
861 744 1008 808 inituros.
1053 743 1149 808 facile
1172 766 1224 809 res
1249 744 1353 828 impe·

79 835 80 838 ’
164 840 267 900 trata:
292 834 380 899 abire
399 834 486 899 enim
510 834 607 898 duces
626 835 732 918 regios
748 855 820 898 cum
833 833 955 916 peritos
970 832 1115 914 militiae,
1129 835 1198 896 tum
1215 836 1352 918 egentes

169 925 299 990 eosdem
324 928 419 1006 atque
438 923 575 987 audaces
594 923 775 1006 cupiebant.
813 923 868 986 sed
888 922 972 1006 quod
992 922 1147 986 volebant
1164 943 1232 986 non
1251 944 1352 1006 quam

113 1030 147 1079 10
165 1016 330 1078 maturato
360 1034 441 1095 opus
474 1015 544 1074 erat
573 1012 700 1075 naviter
723 1011 945 1094 expediebant.
981 1010 1110 1074 interim
1133 1010 1265 1074 iuvenes
1290 1013 1352 1075 mi-

164 1100 276 1166 litares
306 1104 339 1165 et
367 1100 493 1164 adsueti
521 1099 680 1164 militibus
707 1121 793 1164 nunc
821 1100 905 1183 apud
933 1120 988 1163 eos
1016 1099 1120 1182 ipsos,
1151 1121 1237 1164 nunc
1261 1101 1351 1183 apud

165 1191 370 1273 transfugas,
394 1210 532 1272 quorum
554 1188 696 1252 maxima
719 1210 795 1272 pars
818 1209 856 1252 ex
879 1188 1050 1252 navalibus
1074 1189 1170 1253 sociis
1184 1187 1351 1253 Romano·

165 1301 237 1343 rum
268 1282 353 1361 erat,
384 1299 471 1342 nunc
503 1277 602 1340 etiam
633 1276 718 1359 apud
747 1277 880 1340 infimae
910 1276 1017 1360 plebis
1040 1276 1187 1341 homines
1212 1277 1351 1342 erimina

111 1384 145 1432 11
167 1368 318 1431 serebant
346 1367 382 1430 in
410 1370 560 1430 senatum
590 1367 843 1448 optimatesque:
875 1365 908 1429 id
931 1365 1040 1429 moliri
1063 1366 1147 1430 clam
1170 1386 1226 1429 eos
1250 1370 1351 1451 atque

166 1461 304 1537 struere,
336 1461 373 1519 ut
402 1452 581 1538 Syracusae
608 1476 667 1537 per
697 1455 837 1537 speciem
865 1454 1092 1519 reconciliatae
1121 1454 1285 1518 societatis
1313 1456 1351 1519 in

166 1545 293 1610 dicione
307 1543 530 1608 Romanorum
554 1544 636 1625 sint,
660 1543 735 1607 dein
754 1542 854 1607 factio
874 1564 911 1607 ac
929 1543 1023 1626 pauci
1042 1546 1188 1607 auctores
1207 1542 1350 1608 foederis

165 1633 313 1698 renovati
336 1632 552 1696 dominentur.

111 1721 156 1786 24
255 1719 316 1784 His
345 1720 511 1784 audiendis
536 1720 764 1804 credendisque
787 1724 972 1804 opportuna
994 1719 1168 1785 multitudo
1193 1720 1296 1785 maior
1314 1721 1351 1785 in

166 1810 234 1875 dies
258 1808 437 1893 Syracusas
465 1808 659 1891 confluebat,
691 1830 751 1873 nec
773 1809 911 1892 Epicydi
943 1808 1048 1874 solum
1072 1830 1163 1892 spem
1185 1809 1351 1874 novanda·

131 1916 147 1963 2
166 1921 238 1963 rum
261 1920 368 1962 rerum
392 1897 449 1961 sed
464 1897 701 1962 Andranodoro
726 1899 823 1961 etiam
846 1898 1033 1981 praebebat.
1070 1897 1127 1980 qui
1149 1897 1253 1962 fessus
1278 1903 1352 1962 tan·

166 1987 240 2051 dem
255 1987 364 2051 uxoris
383 1986 516 2050 vocibus
535 1987 712 2069 monentis,
731 2009 817 2051 nunc
835 1986 914 2051 illud
930 2008 1000 2050 esse
1019 1989 1147 2069 tempus
1168 1987 1351 2069 occupandi

165 2099 232 2159 res,
256 2076 333 2140 dum
356 2076 488 2139 turbata
511 2077 622 2140 omnia
644 2098 730 2140 nora
754 2080 851 2159 atque
875 2075 1041 2139 incondita
1063 2074 1212 2138 libertate
1232 2080 1352 2160 essent,

165 2269 294 2322 barbarie
307 2263 451 2324 —beltam
463 2272 593 2335 parerent,
607 2283 650 2320 wo
665 2283 731 2320 man
785 2267 954 2320 eoasalaere's
978 2271 1085 2320 matare
1107 2266 1181 2333 facto
1204 2282 1273 2335 opas
1291 2269 1351 2338 est),

166 2340 293 2422 qaod-ob
312 2356 345 2392 ra.
361 2338 532 2421 eruar-tete..
785 2336 831 2392 bei
850 2336 1025 2420 (lias-alten.
1229 2409 1257 2421 ..
1308 2410 1337 2422 ..

166 2408 730 2560 ..reblataattrebates
785 2408 1082 2547 atldtttffta
1100 2413 1117 2533 Ξ
1135 2411 1350 2536 testreet

165 2550 730 2619 Hauptsatzeauvervollst‘andrgensind.
784 2551 828 2604 air
852 2550 910 2603 und
935 2551 1012 2602 tomo
1035 2551 1166 2604 militaris
1189 2551 1279 2621 geben
1298 2551 1352 2605 wir

202 2662 227 2711 s.
246 2656 349 2711 Locros
366 2658 399 2711 a
417 2657 547 2728 [terram]
570 2656 619 2710 aer
637 2656 730 2710 narei-
784 2622 873 2675 Μ
894 2620 1102 2692 ‘Kfflfffflffl'
1123 2621 1235 2689 Wiel‘l’
1254 2622 1351 2677 indm

166 2745 216 2782 ner
241 2730 314 2782 setzt
338 2728 383 2783 die
409 2726 577 2798 allgemeine
603 2728 660 2781 und
683 2727 731 2782 ba·
785 2691 1016 2818 §grggffidgn
1031 2691 1352 2829 ξθὲἓῗῇῗξὲθξῗῃξὲέ

167 2799 286 2854 undere
324 2799 580 2869 oasseasmmung
614 2800 647 2853 '³¹²
684 2799 731 2853 (ΗΘ
784 2835 832 2888 bei
863 2836 973 2889 savena
1000 2835 1056 2888 mar.
1087 2835 1193 2888 uraha
1220 2835 1271 2890 wir
1298 2836 1350 2889 aas

165 2870 730 3012 ascananense
784 2903 959 2961 a...
986 2923 1034 2958 ω
1057 2906 1114 2959 ω
1139 2921 1226 2976 aa

165 3011 729 3146 resenaareuna
784 2978 938 3115 Ka...
1140 3052 1165 3113 .
1185 3064 1205 3102 ε·
1224 3065 1258 3100 ..
1277 3052 1302 3115 ω
1323 3054 1350 3106 ⁹-

168 3156 731 3292 attsaaucceruael
784 3116 1352 3257 sortirenturue

165 3293 626 3421 uerteretur
644 3294 730 3418 tt
1021 3328 1149 3454 Μ
1162 3330 1286 3455 aaa

168 3434 258 3490 Heere
277 3436 306 3489 in
325 3437 389 3492 den
403 3435 674 3507 Winterquartieren
693 3454 730 3489 zu
822 3417 928 3544 nm,
940 3417 1019 3526 ff'lffi
1038 3416 1195 3524 ,war‘lfmm
1213 3417 1325 3494 mm·

165 3505 314 3560 reanum&
352 3509 416 3578 vgl.
436 3515 480 3579 26,
499 3515 524 3564 2·
739 3555 744 3559 ·
820 3542 868 3599 24.
889 3551 913 3598 1.
931 3545 975 3598 aa
993 3542 1153 3613 oadrada]
1173 3561 1193 3597 s.
1208 3563 1242 3598 zu
1261 3549 1304 3611 ae,
1323 3549 1349 3598 a.

204 3619 228 3668 9.
248 3615 367 3684 aeriter]
395 3632 445 3669 vor
470 3617 578 3670 aaaiter
603 3615 642 3671 ist
665 3620 730 3683 tara,
820 3615 956 3687 Epicyde]
990 3615 1040 3669 der
1067 3613 1158 3668 Ktirae
1186 3631 1284 3685 wegen
1311 3615 1351 3668 ist

167 3685 232 3738 dem
251 3701 333 3752 qaam
352 3687 567 3755 entsprechend,
591 3687 732 3756 ausgelas·
784 3705 837 3740 nur
863 3687 941 3742 einer
963 3687 1101 3754 genennt,
1129 3685 1165 3739 da
1183 3687 1229 3741 dle
1249 3685 1350 3740 beiden

169 3772 232 3823 sen,
250 3754 304 3810 wie
322 3757 402 3811 nicht
420 3757 510 3810 selten
528 3777 550 3811 z.
570 3758 601 3812 B.
620 3757 667 3829 85,
687 3763 732 3824 49,
785 3758 891 3812 Bn‘ider
920 3757 950 3810 in
977 3758 1063 3811 allem
1087 3756 1349 3825 gemeinschaftlich

170 3832 185 3880 ‘1
209 3827 286 3880 homo
308 3843 366 3881 aaa
384 3845 466 3896 qaam
484 3830 532 3882 isti
550 3833 616 3882 saat
632 3829 732 3897 ylario·
786 3828 938 3898 gehandelt
960 3845 992 3880 zu
1016 3828 1110 3881 haben
1134 3828 1278 3894 soheinem
1305 3833 1349 3896 31,

167 3912 224 3951 sae.
259 3897 310 3951 Bei
328 3914 396 3966 opas
414 3904 452 3952 est
470 3902 542 3954 setzt
555 3899 585 3952 L.
601 3899 651 3953 das
663 3899 732 3953 Ver·
788 3900 879 3954 3und
898 3904 942 3967 35,
961 3904 978 3951 4
997 3898 1100 3952 ebenso
1119 3898 1313 3967 Hippocrates.

169 3968 244 4035 bum,
259 3969 357 4023 dassen
372 3969 537 4038 Thatiglreit
548 3969 733 4039 nothwendig
821 3970 1014 4025 aooaadaram
1031 3969 1135 4041 reram]
1160 3970 1261 4024 andere
1286 3985 1350 4022 aon-

168 4039 220 4104 ist‚
246 4040 310 4093 sehr
334 4040 513 4110 gewbhnlicb
538 4042 568 4095 in
594 4043 648 4096 den
666 4041 730 4094 abl.
787 4042 901 4095 struiert
918 4046 933 4105 ξ
953 4046 968 4093 2
988 4041 1046 4094 und
1065 4047 1108 4108 23,
1128 4047 1152 4096 6.
1287 4083 1288 4086 ,

169 4109 218 4163 des
243 4111 318 4165 Part.
343 4111 433 4178 Passa
458 4111 515 4180 vgl.
540 4113 566 4180 1,
586 4117 665 4181 58,5
690 4113 733 4166 ita
822 4119 847 4165 2.
865 4111 964 4181 fessas]
984 4137 1018 4157 =
1036 4112 1180 4181 fatiyatas.

168 4181 242 4248 facto
266 4188 457 4252 maturatoque
481 4198 551 4251 opas
576 4200 638 4240 ease.
681 4182 733 4237 Bei
821 4182 977 4252 iaeoadita]
996 4183 1114 4252 vgl.2d,
1134 4179 1349 4247 40‚1primam

97 4263 98 4266 ’
170 4251 276 4306 Sallust
299 4253 338 4307 ist
362 4253 422 4308 dies
446 4253 490 4308 die
509 4255 643 4309 atehende
662 4257 732 4308 Aus-
787 4270 819 4308 ac
845 4254 1019 4323 potissimam
1041 4254 1163 4308 amatam
1180 4254 1260 4302 ratas
1277 4263 1351 4304 aava

168 4323 356 4402 pmaksweise
393 4326 428 4393 (a.
456 4325 487 4381 B.
516 4324 576 4382 Cat.
607 4331 635 4394 1,
664 4333 679 4380 6
708 4330 733 4379 et
782 4341 853 4394 paee
870 4326 1028 4380 inconditas
1046 4336 1202 4389 componere
1219 4334 1269 4374 res.
1297 4319 1350 4376 Die

155 4396 330 4462 peraequum
349 4397 471 4466 inceptas
489 4398 620 4464 eoasatto,
641 4401 666 4451 et
683 4397 733 4450 abi
787 4396 1038 4466 Unabhangiglreit
1061 4393 1101 4447 ist
1122 4391 1195 4444 noch
1218 4391 1298 4446 nicht
1319 4391 1351 4446 in
1424 4443 1426 4449 .

784 3260 878 3313 ornata
894 3259 1080 3328 deportantem
1095 3259 1297 3328 awlieatempae
1312 3262 1351 3315 ad
